2975 4525
712 527 871 611 [32]

302 674 431 749 Interei,
446 673 578 759 expansis
588 676 736 751 manibus,
750 675 902 739 castiffima
914 686 1007 738 mater

343 807 513 872 Ludentem
529 809 560 872 in
573 831 698 891 puerum
712 809 827 873 lumina
840 806 899 872 fixa
913 820 1003 871 tenet.
1218 826 1284 907 520

206 940 208 943 ⁴
299 942 389 1007 Hanc
402 958 516 1023 contra,
527 945 638 1029 conjux
653 944 841 1007 saneiissimus
859 940 932 1005 astat
945 940 1058 1025 Ioseph,
1151 995 1155 1000 .

342 1079 506 1145 Ostentans
518 1102 620 1158 cunas,
635 1080 655 1144 fi
670 1082 737 1164 quis
751 1074 830 1143 adire
845 1078 931 1142 velit.

298 1214 452 1299 Praecipuri
467 1216 628 1280 monstrare
641 1216 734 1280 oculis
749 1216 903 1303 digitoque
914 1215 1044 1299 puellum

340 1345 511 1426 Caeiestem,
521 1349 614 1411 tacito
628 1347 747 1431 peeiore
760 1347 857 1426 iaetus,
872 1360 960 1412 amar.

201 1474 203 1479 ’
296 1482 361 1547 Vix
375 1484 546 1561 introduai,
559 1482 674 1547 circum
688 1481 834 1547 cunabula
847 1483 976 1569 cingunt
1210 1468 1276 1565 '525
1403 1522 1404 1533 r

337 1616 364 1681 F
366 1618 433 1683 sexo
447 1621 591 1698 Pastores,
603 1622 711 1686 aemula
723 1623 822 1700 turba,
837 1644 931 1707 geno.

294 1750 338 1815 Hi
353 1751 479 1815 sobolem
494 1754 524 1815 in
539 1754 667 1816 divinam
681 1756 841 1818 avidissima
855 1754 1019 1818 mirabundi

336 1889 469 1954 Lumina
481 1890 656 1976 conjiciunt,
669 1912 724 1953 nec
735 1892 835 1954 satiare
849 1890 958 1955 valent.

292 2023 375 2102 Post,
390 2026 438 2087 aiii
453 2040 610 2107 properant
624 2028 771 2090 sacocum
785 2025 940 2090 rutilante:
964 2025 1061 2109 puelia

335 2154 487 2219 Monstrat
500 2157 628 2219 sollicitis
642 2158 808 2242 obsequiosa
820 2160 907 2223 viam.
1206 2170 1271 2244 530

292 2289 433 2375 Denique
447 2294 589 2376 praecipiti
600 2296 719 2380 juvenis
734 2295 837 2379 procul
853 2296 961 2378 impete
978 2293 1079 2358 Pasior

334 2421 510 2486 Accelerat:
533 2424 633 2500 sudor,
643 2427 731 2489 rubra
744 2449 796 2510 per
810 2449 873 2504 ora,
889 2428 965 2490 fluit.

293 2554 355 2620 Sub
369 2557 446 2619 iaevo
459 2573 511 2622 aut
523 2560 656 2640 baculus,
669 2584 725 2625 ceu
736 2564 853 2645 pondus
861 2552 962 2639 inane,
973 2561 1096 2638 lacerto,

331 2693 406 2773 Aut,
420 2696 523 2758 ovium
537 2711 649 2780 terror,
658 2698 766 2782 peudet
777 2697 889 2784 agreste
903 2698 1021 2781 pedum.

290 2831 409 2896 Dextro
422 2835 559 2920 humero,
573 2837 605 2898 in
621 2836 734 2900 tumidi
744 2837 800 2900 fert
813 2835 920 2900 rustica
934 2813 1055 2898 munero
1068 2834 1155 2917 perri:
1201 2849 1220 2915 5
1224 2851 1242 2916 3
1246 2847 1266 2914 ς

333 2968 486 3053 Supposrta
498 2971 609 3033 auxilio
622 2972 723 3034 dextra
738 2972 868 3058 benigna
882 2971 977 3034 venit.

289 3105 411 3182 Cernis,
423 3107 479 3185 uti,
493 3106 570 3170 flavi
583 3109 720 3194 egregius
735 3110 860 3187 cervice,
876 3109 1001 3172 recurrit
1093 3161 1094 3170 ,

330 3242 380 3304 Ad
394 3242 547 3304 dominum
562 3243 677 3323 pernix,
692 3241 888 3325 sollicitusque
902 3239 1018 3304 Canis?

288 3375 369 3440 Huic
383 3391 483 3439 exerta
497 3378 597 3456 micat,
612 3379 692 3440 roseo
707 3377 869 3446 rubicunda
883 3375 994 3451 colore,
1052 3435 1055 3444 ,

329 3513 468 3601 Linguo;
491 3529 579 3600 atque
593 3537 632 3578 ex
645 3514 739 3577 oculis
755 3515 851 3577 vivida
866 3512 983 3576 flamma
999 3511 1071 3575 salit.
1198 3527 1264 3592 540
