2975 4525
590 558 750 645 [29]

180 714 313 781 Intentis
327 714 449 778 observa
462 709 570 789 oculis,
583 732 653 795 quae
669 695 795 802 plurima
807 705 902 792 fulget
954 688 957 693 ¹
1101 716 1164 785 455

224 849 367 934 Expressa
381 851 413 914 in
427 848 523 933 fragili
539 833 614 909 mita
629 843 735 908 tabella
750 842 840 905 vitro.

181 987 270 1071 Qms
285 985 358 1048 veri)
370 985 501 1069 egregiae
515 1002 581 1065 pars
596 979 702 1067 objicit
713 979 772 1039 ima
786 972 932 1053 senestrae,

227 1124 367 1189 Virtutes
379 1122 471 1185 avido¹
481 1120 607 1195 lumine,
623 1115 731 1203 quaeso,
747 1134 829 1176 vora.

183 1258 261 1325 Sunt
274 1260 384 1342 septem
398 1278 533 1332 numero,
548 1274 674 1337 quarum
690 1268 817 1333 quaeque
832 1257 893 1309 arte
904 1240 1045 1331 magistri

224 1387 376 1473 Pingitur,
391 1401 423 1449 et
436 1406 534 1449 rarum
548 1381 695 1465 splendida
708 1378 821 1461 praebet
834 1396 921 1458 opus.
1042 1454 1044 1463 y
1097 1370 1163 1456 460

181 1515 245 1594 En,
258 1515 373 1592 dextri,
382 1516 468 1597 ‘prior
482 1528 602 1597 apparet
615 1510 786 1583 Prudentia,
801 1508 899 1571 sormi

221 1607 348 1733 insigni,
361 1661 393 1711 et
406 1647 493 1710 nivei
506 1642 709 1727 conspicienda
722 1642 814 1726 togi:

181 1780 221 1847 In
234 1780 352 1864 speculo
366 1801 464 1845 mores
477 1793 508 1842 et
523 1779 599 1841 satia
613 1778 707 1840 aliena
719 1791 833 1853 tuetur,

228 1914 336 1977 Vitam
351 1928 385 1977 ut
398 1925 560 1995 componat
572 1910 683 1975 certius
697 1912 756 1995 ipsa
769 1910 860 1975 suam.

182 2046 271 2113 Tium
286 2049 375 2127 laevei,
389 2048 515 2132 Serpens
524 2048 628 2136 jaculo
640 2048 862 2113 circumdatur:
881 2046 949 2111 ‘esto
1044 2082 1045 2087 1
1097 2047 1161 2132 465

227 2182 363 2249 Consilio
376 2182 447 2249 hinc
462 2182 560 2251 lentus
571 2208 583 2257 3
604 2203 735 2269 cumque
750 2183 825 2268 agie,
836 2180 898 2245 esto
911 2181 1001 2246 celer.

184 2315 305 2401 Justitia
320 2318 396 2380 hanc
409 2318 556 2401 sequitur,
572 2317 655 2381 roseo
670 2320 701 2381 in
712 2304 875 2382 velamine:
899 2275 1013 2382 nudum

226 2448 329 2512 Firma
341 2449 450 2528 ensem,
462 2451 572 2514 inversi
586 2451 711 2533 cuspide,
725 2450 827 2513 dextra
842 2463 942 2513 tenet:

180 2587 285 2653 Altius
298 2604 444 2672 aequatam
458 2587 580 2652 sustollit
595 2589 671 2650 laeva
684 2588 841 2665 bilancem,
892 2595 897 2609 '

228 2724 303 2810 Qui
314 2725 402 2788 librat
414 2739 498 2788 certo
512 2724 640 2807 pondera
656 2745 784 2807 quaeque
799 2722 900 2788 modo.
959 2753 962 2760 ¹
1053 2735 1058 2754 ¹
1096 2741 1163 2811 470

184 2862 212 2928 F
213 2865 292 2928 ronti
308 2866 447 2944 umbram
458 2885 564 2929 manus
577 2863 699 2927 obducit
711 2862 822 2925 sublata
833 2886 843 2938 3
865 2861 982 2947 suaeque

228 2996 302 3061 Inde*
311 2998 421 3084 jugum
435 2997 555 3060 trutinae
568 2995 676 3059 clarius
691 2996 741 3059 illa
754 2997 844 3062 videt.

184 3131 328 3196 Proxima
340 3129 443 3192 deinde
457 3129 549 3207 venit,
564 3128 658 3192 nitido
673 3128 746 3212 Spes
757 3129 880 3193 candida
893 3129 990 3208 vultu,

229 3266 372 3349 Cumque
386 3264 628 3350 oculisgeminas
643 3262 720 3326 tollit
733 3263 770 3326 ad
783 3262 856 3326 astra
871 3284 988 3326 manus.

188 3398 332 3465 Anchora
345 3397 636 3486 firmajacetjuxti;
658 3399 741 3477 dum,
756 3399 808 3470 vix
821 3399 894 3482 pede
910 3415 1034 3486 tangens
1097 3417 1138 3486 47
1142 3418 1160 3486 ς

228 3537 284 3602 Illa
298 3535 403 3614 solum,
416 3537 493 3599 votis
504 3557 596 3622 regna
609 3535 730 3619 superna
742 3537 827 3618 petit.
