2975 4525
603 574 620 658 [
666 590 703 659 17
750 572 765 655 J

189 720 287 802 Alter,
302 721 441 787 Libertas
456 740 516 806 quo
531 720 586 785 stet
599 720 783 797 fundamine,
794 714 907 783 Gentis

228 844 312 940 Qrae
325 854 418 941 leges,
433 877 500 938 quae
515 822 571 918 lint
583 853 700 937 publiea
715 851 800 934 Jura,
810 850 894 935 legit.
1108 867 1170 916 200

188 989 295 1074 AEquti
308 990 385 1053 alius
399 990 501 1072 pendit
514 988 719 1053 Monumenta
732 990 861 1051 recentia
874 988 975 1052 libre*

230 1120 370 1200 Sedulus,
387 1136 476 1204 atque
489 1120 585 1184 oculis
599 1123 704 1208 objicit
718 1122 768 1184 illa
779 1121 857 1196 tuis3

184 1255 333 1341 Dumque
346 1256 455 1319 Virum
470 1256 577 1340 pingit,
591 1254 612 1318 su
626 1255 747 1341 quandd
761 1269 907 1335 occurrat,
918 1256 1088 1340 honestum,

227 1392 371 1478 Effigiem
386 1391 493 1475 pingit,
513 1356 626 1454 nescius
641 1390 708 1474 ipse,
723 1392 815 1479 luam.

182 1524 298 1610 Tuque
312 1537 399 1587 tuum
412 1520 534 1602 Vatem,
548 1538 601 1587 tua
614 1526 665 1609 qui
681 1522 823 1587 miracula
836 1538 919 1588 certo
1100 1544 1162 1611 205

223 1664 364 1748 Explicet
377 1685 430 1726 ore
443 1663 539 1749 sagax,
556 1663 639 1729 Diva
654 1662 768 1742 Podlis,
783 1662 885 1728 habes.
941 1718 944 1725 ,

80 1865 81 1870 ,
182 1801 270 1888 Quiri
284 1815 325 1879 et,
338 1799 489 1865 dulcisono
502 1801 608 1864 cantius
622 1798 832 1879 modulamine,
849 1801 931 1867 laetas

223 1932 408 2001 Demulcere
422 1956 506 1998 aures
522 1932 642 1997 Musica
655 1932 762 1995 blanda
777 1896 876 1999 solet..

178 2070 323 2135 Proxima
335 2070 382 2133 sed
392 2068 523 2156 Logices
534 2068 643 2134 Schola
654 2090 709 2133 nos
721 2070 840 2150 invitat,
854 2072 972 2156 utrique

223 2203 317 2270 Ultro
331 2206 479 2271 thesauros
492 2206 658 2271 exhibitura
672 2204 750 2270 suos·

179 2339 383 2430 Ponfretiana
398 2342 449 2406 suo
461 2340 655 2405 celeberrima
669 2339 826 2404 Marmora
840 2340 929 2420 celat,

221 2476 374 2562 spirantes
389 2475 517 2556 Statuas,
533 2455 685 2560 Signaque
699 2475 769 2538 viva
784 2472 860 2539 linu.

176 2608 299 2686 Cernis,
313 2610 357 2672 uti
372 2609 493 2688 Cicero,
508 2607 665 2671 meditatus
679 2605 806 2670 fulmina
815 2605 913 2684 uocis,

220 2739 434 2827 Grandiloquo
447 2743 603 2828 indignans
617 2763 667 2803 ore
682 2757 786 2805 tonare
799 2739 904 2822 parat?

175 2873 311 2940 Graecus
323 2889 355 2937 ut
367 2874 491 2952 Orator,
503 2897 570 2959 quae
584 2873 671 2937 sentit
683 2873 813 2955 pectore,
823 2872 926 2934 dextrl
1095 2893 1130 2940 21
1137 2891 1157 2958 ς
1211 2963 1216 2968 ,

218 3003 386 3080 Monstrat,
402 3021 433 3069 et
444 3006 564 3089 eloquio
576 3006 666 3069 corda
680 3019 798 3088 potente
812 3007 887 3088 rapit
900 3006 912 3069 l

1187 3107 1199 3137 ι

175 3141 223 3204 Ut
235 3138 340 3203 somno
353 3136 439 3202 fessus
451 3138 502 3202 dat
515 3139 614 3202 mollia
625 3140 759 3203 membra
773 3139 906 3222 Cupido,

218 3275 304 3339 Cum
318 3273 475 3358 Pueroque
488 3273 568 3337 malo
582 3273 639 3337 tela
652 3275 752 3358 quieta
759 3273 885 3360 jacent?

206 3465 223 3493 ⁴
242 3457 302 3510 Tlre
313 3457 377 3508 Rev.
392 3458 439 3508 Dr.
457 3456 562 3516 Nowell,
575 3456 701 3528 Principal
712 3456 742 3508 of
761 3459 796 3508 St.
811 3441 886 3528 Mary
897 3457 968 3522 Hall,
984 3461 1030 3513 aud
1041 3460 1159 3516 Professor

170 3557 201 3610 of
213 3555 321 3609 Modern
334 3554 449 3624 Hillory,
466 3573 481 3605 a
491 3554 629 3624 geudeman
636 3555 692 3608 well
703 3558 794 3610 known
805 3555 845 3610 l'ur
855 3559 894 3611 his
904 3559 1023 3630 learning,
1032 3561 1158 3624 mildness,

93 3707 96 3712 .
169 3659 247 3729 polite
255 3675 379 3719 manners,
391 3656 438 3709 aud
449 3657 636 3730 exedlprobity.

651 3744 672 3790 B
