2975 4525
686 646 703 729 [
746 642 786 733 3⁸
829 642 845 731 ]

279 786 466 853 Conversum
477 786 579 854 credas
593 791 625 856 in
639 791 704 855 saxa
717 793 844 856 virentia
856 814 990 878 gramen,

319 922 396 1008 Quo
409 923 518 989 struere
531 925 637 990 artifici
651 926 730 991 tetta
740 927 820 992 fuere
835 949 938 992 manu.

276 1054 328 1120 Sol
342 1056 447 1123 ardet?
471 1059 584 1143 patulas
599 1061 693 1125 Tiliae
708 1061 902 1127 subeuntibus
915 1062 1050 1140 umbras,

321 1203 465 1268 Curvatae
479 1200 509 1262 in
524 1218 636 1261 morem
647 1197 782 1274 fornicis,
796 1218 867 1259 ecce
880 1195 1003 1259 dabunt.

277 1337 355 1403 Sunt
366 1338 456 1402 variis
470 1337 561 1399 etiam
578 1333 701 1398 arbustis
714 1334 781 1397 loca
794 1333 918 1411 conlita,
934 1332 1025 1397 musrs

318 1465 417 1532 Grata
428 1466 495 1530 loca
509 1464 628 1542 Aoniis,
639 1461 883 1550 Thyrfigeroque
898 1461 981 1527 Deo.

277 1600 406 1665 Suffulta
418 1601 488 1663 hinc
499 1598 627 1683 geminis
641 1618 692 1679 per
705 1596 800 1659 ferrea
814 1594 938 1659 claustra
950 1594 1109 1687 columnis,

276 1788 281 1795 .
320 1736 461 1801 Proxima
476 1732 633 1799 Wadhami
648 1756 769 1798 cernere
784 1734 862 1797 tetta
875 1722 967 1797 vales.¹

276 1864 364 1931 Felix
377 1863 578 1953 Gymnasium
592 1864 613 1928 Ι.
624 1866 705 1951 quod
719 1867 827 1929 habere
842 1866 954 1930 exultat
967 1866 1106 1947 eundem,

318 2002 421 2085 Quem
435 2023 514 2065 nunc
530 2000 647 2067 Oxonii
662 2015 725 2065 tota
739 2000 887 2080 Palaestra,
901 1998 1063 2065 Ducem*:

274 2134 348 2215 Quo
361 2131 452 2197 Duce
465 2155 527 2224 non
539 2134 614 2197 alius
628 2134 781 2216 speetntior
795 2133 893 2197 indole
909 2134 987 2212 miti,

318 2267 450 2346 Virtute,
464 2268 584 2331 urbanis
600 2268 733 2331 moribus
747 2265 803 2330 eise
818 2265 922 2350 potest.

276 2402 347 2467 Illas
359 2416 389 2466 te
403 2403 489 2469 doleo
503 2425 565 2467 non
578 2401 655 2486 posse
670 2402 810 2468 attentius
826 2403 921 2468 AEdes

319 2540 452 2606 Cernere
462 2563 557 2615 nunc,
572 2540 627 2613 tibi
641 2561 697 2604 nec
712 2541 854 2624 temporis
865 2539 921 2604 effe
935 2540 1011 2606 satis.
1121 2599 1126 2620 ,

275 2674 362 2741 Nam
377 2673 473 2760 greffu
487 2673 576 2737 celeri
586 2687 653 2737 ruet
667 2673 809 2737 umbrifer
821 2673 988 2756 Hesperus;
1012 2689 1101 2759 atque

320 2813 390 2876 Hoc
402 2811 488 2876 nobis
498 2811 632 2893 superant
645 2809 740 2873 multa
753 2809 877 2874 videnda
889 2809 947 2872 die.

277 2945 372 3032 Ergo,
386 2943 457 3007 hinc
470 2944 582 3028 egreffi,
596 2941 698 3024 rapido
710 2941 868 3024 lustremus
878 2955 982 3005 euntes
1012 3007 1015 3016 ,

319 3080 462 3160 Lumine,
478 3081 509 3143 in
523 3078 655 3163 opposrtfi
669 3081 785 3164 publica
799 3081 876 3145 teeia
890 3081 951 3145 viri.

278 3211 398 3291 Cernis,
413 3211 457 3276 uti
472 3213 548 3276 laevri
562 3211 652 3278 Sedes
667 3213 783 3277 Exrnia
796 3216 917 3301 surgens

320 3347 442 3411 Arridet
455 3345 562 3410 frontis
572 3348 725 3413 nobilitate
740 3349 819 3414 suae?

308 3570 325 3601 ⁴⁸
343 3566 402 3618 The
416 3567 481 3620 Rev.
493 3569 541 3622 Dr.
558 3569 623 3636 John
641 3567 729 3631 Willr,
746 3571 857 3623 Warden
877 3568 908 3623 of
930 3572 1058 3624 Wadham
1078 3570 1188 3644 College,
1210 3575 1260 3627 and

276 3666 496 3721 viee-Cheneellor
507 3665 537 3722 of
544 3668 586 3722 the
597 3663 735 3739 Universrty
747 3667 776 3722 of
786 3669 891 3732 Oxford,
903 3669 928 3723 in
939 3671 981 3724 the
992 3689 1049 3742 year
1058 3687 1135 3740 1794.
