2975 4525
688 598 712 680 [·
752 596 792 679 ⁵8
837 598 857 683 t

280 742 342 807 Hic
355 756 396 821 et,
405 743 510 821 dosia,
520 756 585 807 tuas
598 757 651 807 aut
662 765 781 831 cogere,
794 742 928 825 Gtaecia,
943 764 1076 831 gemmas
1202 788 1204 793 ·

323 876 445 965 Diligit,
459 893 510 943 aut
523 878 613 942 flores
626 900 759 962 carpere,
775 880 885 957 Roma,
898 890 965 945 tuos
977 905 988 955 3
1054 910 1071 927 ··

279 1012 405 1079 Etcum
420 1035 500 1077 nune
514 1012 601 1077 studii
614 1013 665 1077 sub
680 1014 798 1096 pestore
813 1014 925 1079 ferveat
940 1012 1020 1079 idem
1076 1052 1078 1061 =

321 1148 433 1226 Ardor,
444 1148 521 1211 idem
537 1148 649 1211 meritis
663 1162 735 1212 tunc
750 1162 871 1233 quoque
883 1170 991 1213 munus
1004 1152 1070 1215 erit.
1176 1168 1257 1237 1070

278 1278 428 1345 Praetereo
440 1280 537 1363 plures
551 1281 634 1358 alios,
648 1303 737 1366 quos,
751 1284 869 1367 agmine
881 1284 982 1371 longo,

320 1412 444 1475 indutos
459 1413 544 1499 nigrai
558 1410 648 1493 vesle,
664 1413 873 1477 venirevirlcs.

280 1546 449 1613 Procedunt
464 1548 524 1611 duo
540 1549 632 1611 tresve
645 1546 743 1625 simul,
755 1548 921 1634 junslisque
937 1547 1053 1613 lacertis
1066 1573 1076 1624 ς

317 1660 414 1768 Quod
430 1685 484 1746 tibi
498 1685 631 1747 amicitiai
645 1685 765 1765 peslora
775 1684 881 1771 junsla
897 1686 1014 1767 proban·

280 1819 385 1883 Altera
393 1819 439 1881 sed
454 1820 570 1901 rapiunt
584 1818 687 1881 oculos
701 1819 881 1901 speslaeula:
906 1834 1025 1901 praeter-
1173 1836 1254 1907 1075

319 1954 485 2019 Labentem
499 1954 607 2031 cernis,
623 1954 722 2017 nobile
739 1952 880 2033 Flumen,
894 1952 966 2038 Ifim.

282 2088 365 2153 Ante
380 2087 476 2153 Tama
490 2087 579 2172 quim
589 2088 698 2173 jungat
708 2090 794 2171 aquis
809 2088 963 2152 socialibus
977 2086 1082 2166 undas,

319 2227 506 2315 Reginaeque
522 2224 615 2289 Urbis
631 2224 743 2286 moenia
758 2223 831 2286 celsa
847 2230 947 2305 petat3

277 2365 392 2431 Oxonii
406 2363 481 2428 laetis
496 2364 547 2426 sub
560 2360 710 2424 moenibus
724 2359 773 2422 ille
788 2359 916 2435 videtur,

319 2498 435 2580 Captus
448 2519 548 2562 amore
558 2496 629 2574 loci,
644 2458 761 2558 neslere
777 2493 852 2557 velle
867 2511 975 2556 moras.
1140 2511 1142 2518 ’
1169 2485 1251 2552 1080

277 2632 361 2698 Idem
376 2633 485 2718 gaudet
499 2652 588 2715 aquas
602 2630 706 2692 humili
717 2629 889 2692 subvolvere
904 2628 978 2709 ripb,

317 2766 450 2852 Egregiis
464 2781 497 2829 ut
511 2768 596 2849 poffit
606 2764 714 2830 claritis
729 2763 898 2828 Urbesrui.

276 2898 396 2980 Aspice,
409 2897 549 2983 subjestas
563 2911 638 2980 quot
648 2909 720 2958 eunt
733 2896 916 2979 redeuntque
931 2917 983 2980 per
997 2895 1088 2959 undas

318 3029 499 3095 Naviculael
523 3031 630 3094 lluslus
646 3033 706 3114 quai
720 3031 839 3096 levitate
854 3026 968 3094 secant!

275 3170 352 3237 Non
363 3168 401 3231 de
412 3167 497 3252 plebe
511 3168 629 3251 aliquis,
644 3167 691 3232 sed
705 3166 821 3232 Navita
835 3169 955 3248 nobilis,
971 3169 1016 3252 ips
1166 3170 1249 3256 1085

318 3301 445 3369 Sedulus
459 3301 576 3366 insolita
589 3302 761 3388 dirigitarte
776 3317 890 3371 ratem:
1064 3298 1067 3304 ’

275 3435 340 3522 lpse
362 3435 544 3524 gubernacli,
559 3437 699 3501 Palinuro
713 3438 820 3526 major,
835 3439 961 3504 habenas

317 3573 437 3653 Fleuit,
451 3572 559 3659 daupue
572 3572 650 3640 idem
662 3571 778 3640 carbasa
791 3572 876 3657 plena
889 3571 993 3640 Notis.
