2975 4525
693 554 709 636 l
754 570 795 619 20
837 556 853 639 l

286 694 339 761 Ne
352 697 424 762 vero
438 696 606 781 imprudens
620 699 716 763 cuivis
728 700 843 765 confide
859 702 993 768 fluento:
1125 704 1129 716 ¹
1242 702 1245 711 ’

330 831 438 917 Selige,
452 847 482 896 et
497 834 626 920 objedlas
640 836 725 899 ebibe
737 852 841 903 cautus
856 860 958 923 aquas.

286 966 371 1033 Nam
386 966 487 1030 latices
502 967 578 1031 inter
592 989 691 1050 puros,
705 970 884 1056 limphasque
895 971 1032 1049 salubres,
1202 970 1268 1056 265

329 1105 426 1190 sepe,
440 1109 499 1171 heu
514 1108 521 1171 l
544 1130 615 1171 cum
631 1131 730 1175 nocuo
744 1110 852 1174 labitur
867 1110 946 1174 unda
958 1110 1044 1187 lut03
1083 1108 1085 1113 ’

287 1241 439 1307 Floridulal
453 1242 600 1307 interdriur
616 1259 650 1309 ut
663 1245 778 1328 serpens
791 1246 905 1311 letbalis
920 1249 952 1312 in
964 1247 1064 1326 herba,

328 1376 446 1460 thue,
460 1378 535 1441 rous
550 1378 638 1456 inter,
653 1377 733 1461 spina
747 1378 875 1465 maligna
885 1378 965 1443 latet.

285 1509 353 1593 Jam
369 1533 459 1590 nunc,
473 1512 588 1599 ingenti
599 1512 755 1596 conspedli
765 1514 821 1576 hac
835 1512 914 1578 mole
926 1513 1083 1591 librorum,

327 1646 379 1706 An
393 1644 446 1707 tibi
460 1643 585 1708 discendi
600 1644 719 1727 pedore
728 1644 825 1709 crevit
837 1664 920 1707 amor
932 1642 944 1707 i
1199 1658 1264 1728 270

284 1780 368 1845 Nam
385 1778 500 1865 (dixisse
512 1779 617 1862 pudet)
630 1779 700 1843 mihi
715 1778 875 1862 desperatio
888 1792 1031 1858 mentem,

314 1919 408 2013 ‘Cum
422 1917 509 1982 video
521 1916 633 2001 ingenii
647 1926 693 1979 tot
703 1928 907 1991 monumenta,
919 1913 1006 1977 subit.

284 2054 444 2117 Librorum
456 2052 560 2136 ecquis
573 2052 653 2115 enim
667 2066 713 2115 tot
727 2052 820 2115 millia
832 2051 952 2113 nomine
966 2049 1078 2126 noscat,

324 2189 385 2254 Vel
399 2187 421 2253 sr
434 2189 596 2255 Nestoreos
611 2191 696 2257 duret
710 2205 741 2253 et
755 2188 813 2273 ipse
826 2188 887 2253 dies
899 2188 910 2251 l

287 2324 354 2402 sea,
367 2324 538 2388 inrorant
552 2325 628 2403 reae,
644 2324 708 2388 ruas
721 2343 880 2408 pergamus
894 2321 929 2384 aa
942 2319 1049 2400 AEres,
1197 2335 1236 2404 27
1240 2331 1261 2400 ς
1407 2331 1409 2402 l

325 2456 363 2520 In
377 2458 495 2542 quibus,
509 2473 571 2520 arte
588 2458 679 2532 noval,
695 2456 822 2521 nascitur
837 2455 894 2540 ipse
910 2456 994 2520 liber.

284 2590 360 2654 Sunt
374 2592 439 2654 haec
452 2592 542 2674 digna
554 2591 673 2674 quidem
684 2590 787 2654 illustri
802 2592 945 2656 cunabula
960 2593 1048 2671 foetu,

326 2723 425 2810 Cujus
439 2725 581 2788 Natalem
595 2723 677 2788 saecla
691 2726 790 2788 sutura
803 2741 932 2800 canant3

283 2837 352 2924 Nec
364 2860 432 2923 rard
445 2857 568 2937 soboles,
584 2858 656 2922 tanti
672 2881 732 2922 non
746 2858 876 2944 degener
891 2859 989 2939 ornis,

324 2990 473 3069 Prosiluit,
487 2993 574 3078 cujus
588 2989 681 3055 Fama
694 2992 831 3074 perennis
842 2993 918 3067 erit;

283 3126 381 3191 cunis
396 3127 543 3190 nobilius
557 3086 603 3188 sea
618 3123 711 3188 muita
725 3125 858 3189 informis
870 3124 901 3188 n
916 3123 983 3208 rpus

324 3260 497 3347 Progenies,
511 3260 572 3322 fato
584 3279 718 3341 praecoce
731 3271 825 3340 rapta,
840 3257 927 3340 perit.

284 3397 439 3483 Quidquid
452 3397 482 3460 id
495 3395 549 3475 est,
565 3393 687 3480 pulchra
702 3393 770 3459 anti
784 3395 887 3458 oeulos
898 3396 1044 3480 surgentia
1056 3395 1165 3475 sormi,

325 3532 436 3611 Cerne,
442 3553 554 3616 precor,
562 3530 644 3594 miris
658 3528 736 3593 tedia
748 3529 856 3594 sacrata
871 3527 982 3615 Typisr
