2975 4525
662 589 823 677 [39]

252 736 338 807 Eheu
352 737 360 805 l
376 739 564 824 conspicuam
577 740 687 827 glacies
700 761 755 803 cur
766 738 863 822 aspera
871 736 998 800 formam
1124 818 1125 823 ἵ

295 880 408 946 Laesrt?
430 903 485 945 cur
499 895 632 944 teneram
647 901 721 963 ruga
734 878 856 942 inimica
869 873 997 954 cutem?
1166 876 1229 961 670

253 1012 348 1078 AEdes
356 1012 508 1097 opposrtae,
522 1012 609 1077 dittae
620 1013 658 1075 de
670 1012 805 1091 nomine,
818 1008 915 1098 Jesus,

293 1146 412 1211 Laudes
426 1148 516 1233 usque
529 1160 650 1225 canent,
660 1144 850 1225 Elizabetha,
863 1158 941 1209 tuas.

251 1281 322 1347 Nec
337 1282 441 1366 procul
455 1280 523 1346 inde
535 1279 622 1360 astas,
635 1279 758 1345 Domus
776 1282 796 1343 ὃ
811 1278 971 1361 Lincolnia,
984 1281 1063 1346 fami

296 1414 399 1500 Qyim
413 1415 499 1479 tediis
511 1415 616 1479 melitis
629 1428 701 1480 nota
715 1414 855 1480 Palaestra
868 1418 928 1481 tuis
942 1416 949 1481 !

251 1549 382 1617 Eximiae
396 1566 496 1617 tamen
510 1552 543 1616 in
554 1530 979 1633 nitiddsuntAEdefenestrae,
1167 1558 1229 1645 675

295 1683 382 1767 Qras
396 1652 492 1766 pinxit
505 1682 592 1747 solers
604 1698 695 1766 atque
709 1685 803 1766 perita
816 1704 934 1749 manus.

251 1816 378 1882 Vicinas
392 1814 507 1883 santra
521 1816 628 1881 Triari
640 1840 713 1903 quas
726 1819 871 1903 conspicis
885 1820 995 1901 AEdes‚

291 1944 376 2027 illas,
392 1946 592 2036 Gymnasium
606 1948 770 2037 Balliolerfi
783 1965 902 2015 vocant.

250 2080 339 2147 Hanc
352 2085 428 2148 bend
438 2084 638 2164 commendat,
648 2085 797 2151 tedtorum
811 2085 888 2151 haud
901 2088 1009 2173 pompa
1022 2089 1146 2171 caduca,

294 2218 353 2285 Sed
366 2220 439 2286 clari
452 2222 569 2308 generis
583 2220 647 2287 laus
660 2221 811 2306 diuturna,
825 2221 976 2290 Domum.
1091 2273 1098 2289 n

251 2349 368 2418 Ortum
382 2375 512 2439 namque
522 2354 602 2419 dedit
616 2354 705 2421 Gens
718 2356 839 2444 inclyta,
856 2355 951 2435 Sestio
964 2363 1114 2444 quondam

293 2499 396 2584 Qam
409 2499 480 2564 solio
492 2499 567 2564 vidit
576 2500 645 2563 laeta
656 2499 753 2565 sedere
765 2502 828 2568 suo.

250 2631 381 2718 Surgere
394 2635 473 2699 tedia
486 2648 587 2698 tamen
600 2656 692 2715 nova,
706 2656 764 2700 nec
776 2637 937 2700 mediocria
951 2639 1059 2719 cernis,

293 2766 337 2832 Et
349 2767 417 2833 latae
430 2770 564 2834 extreme
578 2783 660 2853 parte
673 2769 768 2834 nitere
779 2769 850 2835 viae.

251 2901 328 2966 Haec
343 2885 410 2989 lege
420 2917 475 2978 ως
495 2917 527 2966 et
538 2901 612 2966 Divi
626 2903 788 2986 penetralia
800 2904 837 2968 ad
851 2903 909 2968 alta
924 2903 1062 2993 Joanm‘s,
1167 2908 1207 2975 68
1210 2926 1230 2993 5

292 3039 383 3103 Haud
396 3059 491 3117 mora,
504 3052 535 3101 te
547 3037 650 3120 patulo
662 3038 758 3102 limite
771 3041 874 3103 dextra
886 3041 973 3103 feret.

250 3167 397 3252 Prospicis
410 3166 530 3232 annosas
544 3168 635 3231 ramis
649 3168 821 3253 ingentibus
834 3167 943 3246 ulmos,

294 3300 407 3385 Qeis,
417 3297 505 3363 aestus
515 3299 630 3379 contri,
643 3297 759 3364 densior
772 3301 876 3363 umbra
888 3300 996 3366 datur?

251 3438 328 3517 lllae,
343 3459 414 3501 curn
427 3437 528 3500 nimiis
542 3436 624 3500 ardet
636 3436 801 3500 fervoribus
815 3441 875 3517 air,

295 3568 469 3634 Defendunt
478 3567 579 3653 patuli
591 3569 695 3636 limina
706 3570 803 3650 prima
813 3571 913 3637 comi.
1167 3569 1232 3660 690

715 3689 734 3734 ⁰
747 3691 770 3755 4
