2975 4525
695 619 710 703 [
753 636 795 701 42
839 616 854 701 ]

293 763 467 846 Oxonium,
480 766 620 829 columen
636 764 708 831 Solii
723 766 931 851 insuperabile:
954 768 1065 853 semper

334 898 470 982 Regibus
485 895 643 962 Oxoniutn
657 898 715 966 fida
729 900 866 965 Palaestra
878 902 945 965 suis.

293 1032 351 1095 Sed
364 1031 495 1114 lepidum
507 1030 619 1095 subiisse
634 1032 752 1119 flagras,
766 1056 855 1117 quem
869 1034 1025 1116 conspicis,
1036 1025 1179 1113 bottum3

335 1162 404 1226 Huc
420 1163 482 1226 toti
495 1162 594 1226 nullus
607 1163 684 1226 ridet
698 1166 728 1227 in
744 1165 829 1230 Utbe
843 1168 951 1253 magis.

292 1305 353 1369 Ars
366 1302 416 1367 bic
431 1316 462 1365 et
475 1300 593 1365 Natura
607 1300 703 1379 simul,
716 1305 879 1367 certamine
887 1304 1025 1387 pulchro,
1206 1324 1224 1394 7
1228 1322 1266 1391 35

319 1422 464 1499 'Divitias
478 1454 581 1497 omnes
594 1432 761 1516 explicuere
772 1434 847 1499 suae.

289 1567 366 1633 Non
380 1567 470 1650 ampli
484 1566 568 1630 locus
582 1563 624 1628 est
638 1564 735 1648 spatii,
751 1566 964 1649 immensusque
979 1567 1106 1631 videtur.

332 1700 457 1783 Decipit
470 1702 531 1764 Ars
544 1700 649 1763 oculos
664 1701 814 1787 ingeniosa
828 1718 908 1765 tuos.
945 1712 947 1716 ’

201 1900 206 1909 ,
272 1899 274 1902 ,
289 1836 362 1922 Qui
375 1850 457 1919 parte
471 1836 623 1920 incipiam,
634 1859 719 1901 mens
731 1838 870 1903 flubbuat:
885 1838 973 1903 obvia
986 1840 1118 1924 primurn

329 1972 389 2039 Ista
403 1973 470 2052 tibi,
479 1975 581 2054 credo,
590 1975 658 2039 iaeta
671 1975 766 2041 viretz
779 1976 907 2060 placent.
1204 1998 1267 2065 740

290 2110 419 2195 cespitis
434 2112 538 2197 irrigui
552 2128 663 2197 quanta
676 2135 743 2176 area
756 2129 860 2177 vernat
873 2112 1003 2179 honore!

331 2244 435 2332 Quim
448 2245 514 2310 sunt
527 2247 592 2311 baec
606 2245 700 2310 oculis
711 2247 846 2333 gramina
859 2250 955 2313 amica
968 2250 1043 2315 meis
1056 2245 1065 2312 !

287 2383 455 2448 Pubentem
468 2384 485 2447 ὲ
498 2384 584 2449 furiis
598 2383 705 2449 Boreae
720 2385 891 2472 glacialibus
905 2387 1027 2450 herbam

245 2493 253 2499 ι
329 2519 388 2585 Hae
401 2518 478 2583 bene
491 2518 657 2599 Castaneae,
671 2543 797 2604 corpora
811 2519 902 2600 vasta,
917 2536 1032 2608 tegunt.

288 2655 349 2722 Sub
364 2657 471 2741 patulis
485 2679 635 2721 ramorum
647 2659 770 2736 umbris,
785 2659 859 2741 proh
872 2657 878 2720 !
902 2672 1012 2743 quanta
1022 2657 1158 2742 voluptas
1202 2675 1265 2744 745

330 2789 447 2870 sedisse,
461 2807 512 2856 aut
526 2791 640 2856 lentum
654 2794 741 2870 serre,
757 2794 863 2857 referre
877 2792 1001 2879 gradum
1016 2790 1023 2856 l

284 2924 357 3004 vet,
370 2926 423 2988 tibi
437 2924 460 2987 st
473 2928 569 3012 major
582 2925 697 3008 placeat
709 2921 841 3001 secessus,
856 2944 963 3007 opacas

328 3057 475 3140 Spelunca
489 3058 520 3120 in
533 3057 657 3120 latebras
671 3071 701 3120 te
716 3057 870 3120 numerosa
884 3068 982 3119 vocat.

284 3193 352 3258 illic
367 3208 418 3256 aut
431 3193 554 3276 placidae
566 3193 646 3258 dono
660 3194 812 3279 indulgere
827 3194 959 3278 Quietis,

212 3338 215 3349 '
327 3332 395 3394 Aut
408 3329 539 3408 Baccho,'
553 3345 606 3394 aut
618 3330 730 3411 studiis,
744 3333 933 3418 colloquiove
946 3335 1025 3400 licet.
1154 3355 1273 3456 ‘705

88 3525 93 3533 ,
191 3450 195 3455 ’
286 3465 423 3530 Mavisne
436 3465 573 3551 egregios
587 3464 657 3531 hinc
671 3467 738 3531 inde
753 3490 847 3533 errare
862 3493 912 3553 per
925 3471 1048 3537 hortos?

326 3596 441 3662 Omnia
455 3598 541 3682 piena
553 3600 620 3680 viis,
635 3602 857 3688 tramitibusque
872 3605 963 3670 vides.

1399 948 1414 1151 ‚t

1405 1150 1414 1363 i
