2975 4525
710 568 727 655 [
770 566 812 635 ⁶²
851 567 871 653 ·]

299 716 444 785 Frontem
459 714 662 805 magnificam,
675 716 739 780 sere
753 719 835 804 regia
848 716 962 793 limina,
979 712 1060 803 srgna

341 854 430 931 Rara,
444 853 558 927 hortos,
573 850 686 914 tabulas
699 833 806 915 offeret
821 846 871 913 illa
883 850 950 913 tibi.
996 872 1000 877 ·
1194 870 1229 918 11
1235 865 1277 933 50

299 984 414 1070 Pompa
428 986 475 1050 sed
487 988 551 1049 haec
565 985 665 1048 omnis
676 984 811 1047 vanescet
826 982 973 1067 protinus,
987 982 1062 1065 ipsos

341 1117 374 1181 si
392 1114 733 1180 VilsaeDominossorte
750 1114 848 1177 videre
862 1112 954 1187 licet3

297 1250 329 1317 si
344 1252 506 1315 fortunatas
520 1251 602 1313 claro
615 1271 686 1312 cum
701 1247 843 1333 Conjuge
859 1241 948 1309 Sedes

340 1383 465 1447 Illustris
479 1381 614 1470 Conjux,
630 1381 769 1448 Foemina
781 1400 855 1457 rara,
865 1380 944 1443 beat.

296 1518 436 1605 Egregiis
446 1517 506 1581 Vir
515 1516 592 1601 saepe
605 1516 715 1581 Potens
728 1537 767 1579 ex
781 1515 895 1579 adibus
909 1510 1031 1579 omnent
1191 1530 1273 1600 1155

337 1657 462 1721 Famam
476 1658 583 1719 habet:
604 1655 635 1717 hi
650 1652 741 1717 Vislae
756 1654 821 1717 sunt
834 1652 924 1715 decus
936 1652 1040 1715 Ambo
1054 1652 1124 1720 suae.
1200 1716 1203 1723 .

294 1793 426 1857 Affiduae
439 1791 576 1867 comites,
590 1809 715 1852 examen
730 1785 841 1865 nobile,
856 1783 973 1847 cunstae

337 1920 475 1985 Virtutes
486 1918 600 1981 circum
614 1916 726 1999 semper
741 1930 902 1997 utrumque
914 1911 1025 1975 volant.
1121 1950 1123 1955 ·

297 2045 356 2117 Hae
371 2052 437 2115 sunt
454 2072 546 2133 nuper
558 2070 610 2113 eos
621 2048 746 2133 Regalia
757 2047 793 2111 ad
807 2046 856 2110 illa
869 2047 975 2111 secutae

334 2189 433 2266 Atria,
448 2199 492 2249 tot
506 2183 605 2250 Gallis
618 2184 729 2268 hospita
741 2183 821 2247 tecta
835 2184 930 2247 bonis.
1188 2184 1270 2251 1160

294 2323 398 2387 Ambo
411 2321 491 2384 misle
503 2320 565 2383 illic
578 2319 733 2404 profugos,
749 2318 867 2381 infanda
880 2319 975 2382 relatu

336 2451 395 2514 Pro
408 2449 504 2512 saneta
515 2447 608 2532 passos
623 2447 805 2533 Ressigione,
817 2447 928 2512 sovent.

290 2583 359 2648 Ilssc
370 2582 541 2647 vulneribus
557 2579 737 2645 Misetorum
751 2580 899 2666 aspergere
914 2581 993 2644 dulci

333 2713 465 2776 Balsama
474 2711 579 2774 blanda
592 2733 680 2774 manu
693 2725 789 2775 certat
802 2728 927 2796 uterque
942 2710 1064 2777 Parent.

268 2837 273 2845 ’
290 2849 407 2914 Verum
421 2847 492 2912 hinc
508 2870 561 2913 nos
575 2849 668 2932 rapidi
683 2848 811 2934 gressum
826 2849 1008 2926 reseramusr
1030 2867 1065 2914 ut
1078 2872 1140 2916 una
1185 2850 1265 2936 1165

332 2978 393 3040 Res
408 3000 459 3060 per
470 2979 524 3041 iter
538 2981 632 3057 cerni,
647 2995 677 3043 te
689 2981 841 3058 redeunte,
853 2995 955 3064 queat.

291 3110 345 3174 Est
358 3133 447 3205 parva
461 3111 510 3174 illa
525 3111 657 3194 quidem,
671 3114 775 3191 fateor,
790 3113 930 3195 praeclara
945 3136 999 3179 nec
1019 3117 1105 3194 inter,
1210 3175 1217 3190 ,

332 3243 414 3327 Qrae
428 3257 461 3306 tu
477 3243 585 3321 vidisti,
599 3259 645 3307 tot
658 3243 873 3326 Monumenta,
886 3247 990 3311 micat.

290 3373 376 3456 Saepe
389 3387 501 3452 autem,
516 3378 613 3485 rutilis
627 3397 699 3438 cum
712 3376 862 3460 spsendent
875 3375 1000 3442 floribus
1014 3379 1101 3458 horti,

283 3557 441 3613 unfortunate
451 3559 547 3613 French
556 3562 714 3633 Clergymen‚
724 3562 750 3614 in
760 3562 802 3615 the
813 3563 910 3635 King's
923 3565 1005 3617 Heus:
1018 3576 1044 3616 at
1053 3564 1216 3627 Winchester,
1226 3581 1267 3619 are

282 3665 360 3717 above
379 3661 412 3714 all
427 3660 566 3735 expressum
584 3666 632 3719 and
647 3667 742 3722 deserve
756 3685 788 3721 an
803 3670 893 3722 eremas
905 3671 1029 3742 gratitude
1042 3669 1107 3725 from
1118 3688 1190 3742 every
1200 3668 1267 3741 good

282 3771 444 3835 Frenchman,
453 3772 502 3826 arus
509 3771 573 3829 from
584 3791 656 3845 every
666 3773 747 3831 niatu
758 3784 785 3830 to
796 3775 926 3831 mankind.
