2975 4525
610 583 769 669 [51]
896 630 900 643 =

203 726 382 812 Dneitscala
392 730 520 816 duplex:
543 730 636 816 proh!
660 732 814 819 quantula,
825 745 923 814 cerne,
938 732 1095 801 columna!
1113 754 1174 823 915

243 864 346 951 Qim
357 865 453 949 lepida
466 863 605 953 affurgitl
629 866 719 951 quim
732 865 851 931 levitate
861 866 975 951 placet!

83 969 84 1044 l
202 997 344 1074 Sustinet,
354 975 471 1083 ingenti
485 999 642 1081 pendentia
657 998 780 1088 fornice,
794 1000 882 1078 teila,

243 1132 311 1199 Ceu
326 1133 432 1199 Coelos
446 1134 544 1210 Atlas,
556 1133 667 1199 viribus
676 1155 735 1197 una
748 1134 817 1199 suis.

199 1264 339 1330 Protinris
352 1236 424 1328 hine
436 1265 555 1349 spatiosa
569 1263 646 1328 subis
661 1262 847 1327 Coenacula:
870 1284 971 1328 nonne

142 1477 144 1483 Α
242 1398 367 1464 Summa
380 1399 485 1463 oculos
499 1400 609 1465 feriunt
622 1400 778 1466 nobilitate
792 1398 885 1464 tuos?
1108 1423 1172 1494 920

198 1533 302 1619 Qrim
314 1534 389 1597 beni
402 1534 584 1620 consurgunt
595 1533 781 1617 laquearibus
794 1533 853 1597 alta
864 1533 992 1616 superbis
1006 1532 1015 1599 l

238 1664 341 1748 Quini
353 1646 430 1729 bene
443 1666 568 1753 fulgenti
583 1666 650 1730 luce
663 1667 783 1731 corusca
797 1668 908 1732 micant
922 1666 930 1732 l

83 1789 84 1798 ἵ
195 1799 246 1865 Sic
261 1801 375 1867 tabulas
389 1802 482 1866 oculis
493 1802 610 1866 circum
623 1800 744 1868 lustrare
758 1803 898 1881 nitentes,

237 1938 334 2023 Inque
347 1940 429 2003 bono
442 1937 548 2022 positas
562 1937 685 2016 lumine,
699 1937 821 2023 quisque
835 1936 940 2025 potest,
982 1952 984 1955 ’

193 2072 274 2157 Qris
288 2060 396 2157 frigere
409 2088 498 2157 queat
512 2087 594 2137 tanta
607 2074 642 2137 ad
656 2070 839 2156 spenacula?
863 2074 931 2157 quis
946 2094 1007 2147 non
1105 2085 1169 2159 925

235 2208 359 2275 Haereat
371 2232 423 2276 ore
436 2210 531 2291 silens,
545 2210 773 2295 obstupefaens,
786 2210 894 2275 hians?

192 2339 226 2410 Si
236 2361 344 2411 coeant
357 2362 491 2426 centum,
505 2346 577 2412 festa
589 2348 626 2412 ad
639 2347 792 2424 convivia,
808 2345 919 2430 Reges,

233 2480 323 2543 Atria
334 2479 418 2543 nulla
431 2475 483 2543 fibi
495 2478 686 2562 splendidiora
697 2476 801 2541 velint.

83 2671 87 2675 .
189 2615 262 2682 Nec
276 2616 379 2701 procul
390 2617 463 2680 hinc
478 2616 574 2680 AEdes
588 2613 661 2679 allat
668 2611 813 2696 primaria,
829 2571 979 2696 quondain

233 2747 350 2812 Sanbiis
364 2748 551 2835 Virginibus,
566 2726 792 2830 Coenobitisque
806 2745 976 2828 frequens*.
1103 2764 1168 2831 930

94 2940 96 2943 .
189 2882 257 2947 Illic
271 2883 337 2946 lunt
345 2883 439 2946 etiam
452 2882 550 2964 plures
559 2871 651 2964 ‘pieae
664 2892 728 2942 arte
740 2875 874 2942 fenestrae
882 2900 893 2952 ς

232 3013 276 3078 Et
288 3035 405 3076 camera
419 3006 523 3076 excelli
535 3026 564 3073 te
574 3013 661 3097 juvat
672 3010 731 3073 alta
747 3005 851 3081 Chim}

188 3150 248 3215 sed
262 3151 321 3235 qui
335 3164 415 3232 parte
428 3149 551 3211 domum
569 3144 673 3207 Boreae
687 3140 865 3226 penetrabile
879 3139 972 3226 frigus

230 3283 350 3362 Exurit,
366 3305 443 3347 nova
457 3303 511 3344 nos
522 3295 611 3364 atque
624 3278 743 3363 superba
753 3279 882 3342 trahunt.

99 3388 104 3398 Ι
187 3415 315 3500 Aspice:
338 3413 460 3497 pulchra
471 3410 568 3498 magis
581 3424 676 3473 totam
690 3409 817 3491 reperire
830 3429 882 3490 per
896 3407 1024 3491 Urbem,
1099 3428 1160 3498 935

229 3550 333 3637 Qim
347 3572 415 3635 quae
427 3547 544 3635 objeeia
558 3545 651 3625 vides,
665 3547 738 3611 atria
752 3545 834 3610 nulla
843 3557 944 3630 queat.

454 3739 468 3770 *
485 3730 760 3804 Εαωεῴιέοηνωῐ
770 3729 801 3785 of
813 3731 893 3787 Nuns.

644 3839 666 3882 D
683 3837 701 3884 2
