2975 4525
634 642 649 725 i
694 661 731 706 21
779 642 793 727 ]

225 786 280 855 Bis
293 805 339 854 ter
353 786 520 877 magnificis
534 788 624 873 quam
638 788 715 854 stant
729 790 804 855 bene
817 790 891 854 fulta
900 790 1046 856 columnis
1061 791 1069 855 i
1142 793 1181 859 28
1184 814 1202 878 5

268 930 300 994 si
311 927 400 1013 paulu
412 926 507 991 levior
518 949 649 1012 quaeque
663 929 802 993 columna
815 931 899 994 foret.

224 1063 327 1149 Quam
337 1063 413 1127 bene
425 1064 607 1127 culminibus
618 1063 736 1147 sculptae
752 1054 937 1147 praestantius
952 1064 1022 1129 οᾶο

264 1195 416 1259 Excubias
429 1194 543 1273 statuae,
557 1196 661 1260 militis
672 1194 771 1275 instar,
786 1212 879 1282 agunt
893 1194 906 1261 i·

224 1325 302 1391 Non
316 1327 389 1390 libet
403 1328 446 1389 ire
461 1327 541 1399 intrci
553 1295 573 1401 ;¹
586 1349 666 1406 nam,
682 1327 774 1414 longo
788 1327 805 1390 a
820 1342 962 1411 tempore,
976 1327 1065 1408 nosti,

265 1461 340 1547 Qtai
352 1482 448 1525 novus
463 1462 494 1523 in
508 1460 606 1535 lucem
617 1461 739 1543 prodeat
753 1474 815 1523 arte
826 1460 908 1523 liber.
1142 1480 1203 1549 290

222 1594 356 1675 Tuscis,
370 1610 404 1660 ut
414 1594 536 1678 simplex
549 1596 703 1676 sententia,
718 1618 839 1681 voxque
853 1596 986 1660 colorem

264 1733 307 1797 Et
320 1754 439 1817 corpus,
452 1733 543 1808 celeri
556 1733 742 1809 dexteritate,
757 1733 874 1795 trahant
886 1755 896 1806 3

221 1869 269 1933 Ut
282 1868 473 1952 volucresque
483 1869 581 1947 sonos,
595 1867 781 1952 fugitivaque
795 1866 883 1929 verba
898 1879 1016 1929 tenaces

230 1959 237 1971 ·
264 1999 491 2087 Constringant,
507 1998 727 2077 velutivincula
741 1996 837 2075 firma,
852 1997 934 2083 Typi
949 2022 959 2071 3

221 2138 274 2216 Et,
284 2137 355 2201 dum
369 2136 421 2200 sub
435 2134 528 2220 praelo
542 2135 615 2198 liber
629 2135 765 2219 ingemit,
780 2148 813 2196 ut
827 2134 925 2220 gravis
940 2134 1033 2217 ipsum
1140 2151 1179 2217 29
1182 2150 1200 2215 ς

266 2269 390 2334 Autotis
404 2269 506 2353 peEtus
521 2269 685 2356 sollicitudo
699 2281 822 2352 premat.

221 2400 306 2489 Ergo
318 2417 402 2467 verte
413 2402 518 2466 oculos
531 2403 563 2465 in
575 2403 711 2483 proxima
724 2399 819 2462 te6ia:
844 2397 972 2462 Theatri

233 2620 237 2628 ‚
265 2530 349 2595 Ecce
364 2532 418 2594 tibi
432 2532 461 2594 se
474 2533 501 2594 se
512 2530 613 2629 nubile
628 2530 740 2611 praebet
756 2549 843 2610 opus.

220 2631 294 2730 Pars
305 2665 380 2728 nitet
393 2664 534 2742 anterior,
547 2665 593 2727 bis
607 2663 681 2726 senis
694 2662 774 2725 clara
789 2663 936 2726 columnis
949 2687 959 2738 ;

265 2795 448 2880 Ternaque,
462 2759 559 2860 fronte
573 2796 667 2880 super,
682 2797 747 2860 vasa
761 2797 878 2878 cotusca
892 2798 985 2864 vides.
1143 2817 1204 2884 300

220 2932 396 2997 Turricula
411 2933 519 3015 species
533 2892 747 3016 sugeremineu
768 2949 857 3017 atque
870 2892 1014 2998 coronarit

266 3065 369 3128 Unam
383 3065 449 3129 obit
462 3066 638 3129 innumerus
653 3066 835 3131 Pontificnlis
848 3091 941 3150 apex:

222 3205 348 3270 Tantus
360 3202 482 3288 Regalis
494 3202 546 3266 sub
559 3202 648 3266 corde
661 3201 803 3298 exaestuat
817 3202 898 3266 omni

237 3319 244 3332 ’
263 3339 386 3422 Imperii
400 3355 431 3404 et
444 3338 546 3436 patriae
561 3323 740 3429 Relligionis
755 3359 838 3402 amor
853 3337 860 3403 !

219 3477 265 3542 At
279 3471 401 3538 Domus
415 3475 549 3554 interior,
562 3462 624 3540 iisu
638 3474 794 3555 mirabilis,·
805 3494 909 3540 omnes
1142 3497 1202 3567 305

263 3613 349 3677 Attis
364 3611 497 3694 Apelleae
510 3610 656 3696 splendida
669 3611 772 3695 pandit
786 3632 866 3696 opes.

688 3748 705 3790 Β
723 3747 741 3815 3
