2975 4525
401 1012 989 1110 PRAEFATIUNCULA.

673 1398 689 1439 ,,
714 1397 756 1438 ,,,,
825 1404 829 1411 ,
874 1402 877 1407 r

227 1657 359 1765 NON
383 1715 443 1782 ego
467 1691 519 1756 hic
544 1691 667 1777 longam
690 1685 896 1771 praefationem
921 1687 957 1750 de
983 1710 1067 1753 more
1089 1710 1169 1772 prae-

228 1794 333 1882 figam.
375 1796 490 1879 Neque
509 1794 592 1859 enirn
614 1792 747 1878 indigere
768 1811 844 1873 opus
865 1790 1002 1871 arbitror,
1017 1792 1038 1857 sr
1052 1793 1169 1856 claritas

229 1896 303 1963 illud
315 1912 347 1963 et
359 1896 549 1983 perspicuitas
564 1891 641 1957 sorte
653 1890 885 1965 commendent;
908 1890 958 1964 illa
971 1894 1043 1957 verti
1057 1890 1170 1956 inutilis

229 2020 265 2063 ec
288 2001 468 2083 supervacua
490 1996 578 2075 soret,
600 1993 622 2058 st
644 1993 759 2057 obscuri
782 1992 880 2057 versus
908 2008 940 2057 et
966 1994 1098 2060 salebrosr
1119 2016 1171 2059 re·

231 2100 393 2183 periantur.
438 2094 701 2182 Qemadmodum
715 2093 841 2176 pistura,
855 2093 876 2158 sr
890 2092 967 2159 bene
980 2090 1110 2180 expressa
1122 2094 1170 2175 srt,

230 2224 295 2268 tem
317 2203 354 2268 ab
379 2202 498 2266 Autore
517 2199 665 2285 depietam
684 2199 750 2263 satis
771 2220 823 2283 per
844 2199 870 2262 se
892 2197 1038 2276 ostenditr
1065 2199 1172 2265 frustrat
1210 2244 1215 2249 0

233 2316 335 2367 autern
355 2304 384 2368 ei
404 2301 563 2387 magnilica
583 2302 746 2385 sonoraque
759 2300 850 2364 verba
862 2301 1056 2384 supposuerit,
1082 2301 1104 2367 st
1123 2319 1172 2366 ta-

230 2404 308 2468 bella
322 2405 393 2488 ipsa,
409 2405 495 2469 malis
510 2404 682 2469 adumbrata
694 2403 858 2480 coloribus,
872 2425 977 2467 manca
990 2419 1021 2468 et
1034 2405 1170 2470 informis

229 2513 360 2578 horreat.

273 2628 458 2694 Pauciffimis
469 2630 561 2716 igitur
569 2626 1003 2710 annotatiunculisopusculum
1017 2631 1074 2696 hoc
1089 2633 1170 2698 illus-

230 2729 369 2794 trandum
384 2730 503 2804 censui;
523 2751 594 2792 cunr
613 2730 696 2792 omni
717 2727 813 2792 studio
826 2743 857 2791 et
869 2733 942 2792 curi
955 2734 1171 2815 contenderim,

232 2844 269 2892 ut
285 2829 351 2892 lene
370 2828 475 2892 flueret
492 2851 623 2907 carmen,
643 2841 675 2891 et
692 2827 871 2914 legentibus,
896 2828 1013 2895 Oxonii
1030 2856 1094 2900 non
1117 2858 1170 2919 pe.

232 2928 373 3013 regrinis,
388 2928 511 2990 obvium
527 2949 561 2990 ac
575 2927 660 2991 facile
674 2941 798 3009 pateret.

276 3045 330 3109 Sin
343 3061 443 3110 autem
462 3046 499 3110 ad
518 3047 670 3133 egregiam
689 3061 736 3125 tot
750 3045 938 3128 superbarum
960 3070 1059 3114 return
1082 3073 1169 3140 mag-

233 3147 418 3214 nificentiam
438 3163 470 3213 et
490 3148 683 3237 majestatem,
704 3151 840 3213 versuum
862 3151 1038 3217 sublimitate
1062 3157 1172 3220 verbo·

236 3272 365 3335 rumque
378 3249 539 3336 elegantia,
553 3248 698 3336 assurgere
710 3249 833 3315 minime*
849 3251 997 3331 potuerim
1008 3277 1019 3328 3
1031 3254 1103 3318 nihil
1118 3256 1170 3319 sal-

235 3367 296 3417 ten
311 3353 348 3415 de
359 3351 504 3435 splendidi
518 3373 623 3415 earum
636 3351 714 3414 fami
728 3350 881 3414 detraxisse
895 3374 944 3415 rne
958 3352 1086 3417 confido.

279 3473 318 3537 In
341 3471 499 3536 scribendis
523 3474 604 3535 enim
626 3472 673 3536 his
698 3471 862 3550 verstculis,
891 3471 962 3536 illud
991 3495 1085 3536 unum
1112 3495 1172 3560 ego

190 3640 193 3648 ,
235 3575 309 3640 mihi
337 3576 472 3658 proposui
496 3591 542 3657 ut,
571 3575 594 3642 fi
621 3597 684 3641 non
711 3575 862 3658 placerent
885 3575 1036 3657 omnibus,
1060 3577 1174 3641 nemini
1310 3583 1314 3591 '

234 3675 316 3743 certe
337 3675 532 3760 displicerent.

620 3781 629 3799 ⁶
692 3779 717 3825 A
732 3779 752 3828 2
