2975 4525
642 540 656 631 t
703 534 802 637 u]

231 691 351 757 cuncta
366 694 431 758 haec
446 693 467 759 s1
482 696 585 777 cupias
598 699 776 783 cognoscere
792 696 964 780 Marmora,
978 674 1088 785 magud

273 824 464 911 Composrtus
478 829 562 901 curi,
576 831 712 894 continet
727 831 775 895 illa
790 830 895 896 Liber.

230 961 337 1042 Hunc,
352 985 407 1027 nos
421 986 515 1049 quarn
526 966 666 1048 petimus,
681 957 736 1030 tibi
749 966 905 1031 Bodleiano
921 970 1036 1034 volenti

197 1150 200 1156 ,
274 1092 397 1158 Offeret
411 1095 489 1159 inter
502 1118 574 1179 opes
588 1097 775 1161 Bibliotheca·
787 1100 860 1167 suas.

231 1226 297 1291 Vix
310 1230 433 1309 etenim,
448 1229 542 1295 Fama*
556 1231 645 1315 paulo
660 1234 848 1313 celebratius,
859 1236 952 1299 ullum
967 1234 1025 1316 dih·
1079 1213 1084 1224 .
1150 1254 1213 1321 243

276 1369 369 1452 Quod
383 1393 445 1434 non
456 1371 517 1449 illa,
531 1369 596 1434 smu·
607 1371 710 1450 divite,
725 1372 817 1435 servet
831 1389 916 1455 opus.

232 1501 281 1567 Illi
297 1505 403 1591 ingens
417 1504 605 1588 pretiumque
617 1503 713 1583 simul,
725 1504 921 1589 numerusque
935 1502 1078 1567 librorum

244 1670 249 1683 ›
274 1633 443 1721 Egregium
457 1649 522 1698 toto
535 1648 646 1699 nomen
660 1638 692 1701 in
707 1636 793 1701 Orbe
808 1638 898 1702 dedit.

232 1770 328 1837 Fama
340 1773 564 1855 manu-scriptis
576 1773 624 1836 sed
636 1774 750 1860 major3
773 1790 807 1839 ut
821 1774 870 1839 illa
883 1774 1052 1856 secundum,

277 1908 346 1973 Huc
361 1930 398 1971 ex
408 1921 600 1993 parte,·queat
614 1909 689 1973 sorte*
704 1925 803 1974 tenere
816 1909 928 1974 locum.
1152 1930 1213 1994 250

234 2044 324 2110 Hanc
338 2048 430 2133 igitur
441 2058 561 2109 mecum
574 2048 697 2123 subeasr
719 2060 808 2133 atque
823 2050 929 2132 inspice
944 2046 1087 2135 quidquid

280 2178 371 2241 AEtas
384 2178 498 2266 ingenii
514 2178 616 2262 prisca,
631 2182 789 2266 recensque
803 2182 885 2245 tulit.

87 2339 100 2356 .
235 2311 389 2390 Hiosunt,
402 2313 420 2374 a
433 2314 529 2395 primii
544 2333 619 2398 quos
633 2316 708 2379 vidit
721 2317 838 2402 origine
853 2309 1002 2394 Mundus,

281 2447 431 2513 Doctrinal
445 2448 584 2536 infignes',
598 2450 780 2535 ingenioque
794 2452 860 2514 viri.

236 2578 343 2644 Fortis
358 2580 535 2661 Alexandri,
549 2581 690 2668 Augusti,
698 2584 860 2669 magnique
874 2575 986 2645 Leonis
1155 2601 1174 2650 2
1177 2603 1194 2668 5
1198 2601 1216 2666 5

282 2709 387 2791 Saecla,
401 2727 449 2777 tot
462 2715 586 2777 aeternis·
596 2713 707 2800 inclyta
720 2715 805 2776 saecla
819 2714 905 2791 viris,

238 2843 323 2909 Cum
337 2845 441 2923 saeclis,
459 2847 599 2929 pulchras
612 2843 766 2930 quaedein
780 2845 886 2909 fulsire
901 2867 952 2928 per
967 2845 1068 2925 Artes,

280 2976 363 3052 Cum
377 2978 476 3057 saeclo,
491 2979 612 3057 lodix,
627 2981 677 3042 iric
691 2979 788 3043 coidre
802 2996 866 3042 tuo.

237 3107 292 3174 Ne
307 3110 413 3173 mirere
428 3109 569 3194 iginu‚‘si·
581 3110 803 3193 Bodleiana‘pcr
814 3128 919 3174 omnes

282 3242 369 3306 Tam
382 3243 458 3306 bend
471 3259 542 3307 nota
555 3245 637 3308 audit
655 3244 842 3310 Bibliotheca
852 3248 964 3333 plagas.
1157 3249 1218 3314 260
1247 3213 1251 3222 l

238 3378 525 3462 Discipliuaeo'mn'is
539 3382 636 3443 sontes
648 3380 699 3442 hsc
716 3381 841 3465 jugibus
860 3381 947 3444 undis

284 3511 463 3580 Immensum
477 3474 592 3600 possunt
605 3513 743 3577 exsatiare
753 3511 843 3576 sitinu

707 3632 727 3681 B
743 3630 762 3680 2
