2975 4525
628 574 646 657 t
688 591 728 655 4¹
773 571 790 655 ]

214 719 345 801 Interea,
359 721 412 785 tibi
431 718 452 785 si
464 720 563 798 libeat,
578 720 732 784 subeamus
747 731 856 803 apertae

260 850 489 938 Lustremusque
503 853 597 917 oculis
611 854 751 917 interiora
765 850 899 915 Domts.

213 980 298 1047 Sunt
309 984 386 1047 aulae
400 986 546 1069 geminae:
568 987 648 1069 prior
662 984 779 1071 estjam
794 985 936 1069 antiqua:
959 983 1110 1062 secundae,

261 1115 312 1179 Ad
326 1139 463 1181 normam
475 1117 580 1181 nasta
595 1119 701 1203 magis,
714 1117 810 1180 forma
823 1116 919 1193 nitore
933 1115 1041 1199 placet.

216 1250 355 1344 Porticus
370 1252 439 1314 huic
454 1250 572 1333 duplex,
585 1250 699 1316 levibus
711 1262 877 1337 quae.grata
890 1245 1050 1331 columnis,
1136 1258 1196 1333 ’μς

261 1385 354 1449 Utilis
364 1383 418 1458 est,
433 1385 494 1448 fusi
509 1381 530 1446 s1
544 1384 629 1447 cadat
643 1385 738 1447 imber
752 1383 841 1469 aqud.

217 1520 367 1585 Praeterei
381 1520 474 1583 nitidi
489 1521 544 1601 heic
559 1519 650 1605 longa
660 1520 733 1582 atria
748 1520 846 1582 cernis
864 1520 894 1581 in
910 1516 1010 1598 gutte,

262 1654 404 1739 Qrorum
420 1665 578 1735 perpetuus
593 1649 648 1713 rite
662 1649 777 1735 vigebit
789 1651 896 1724 honqs.

216 1785 286 1851 Illic
299 1808 361 1850 non
375 1807 485 1871 paucos
502 1785 570 1849 Rex
582 1783 732 1873 qnondam
742 1784 856 1847 invenit
870 1785 996 1861 amicos,

261 1917 443 2005 Magnificas
459 1917 569 2001 epulas,
581 1918 800 2009 hospitiumque¹
812 1916 917 1987 Miser.
1136 1936 1199 2006 720

217 2045 288 2112 Illic
303 2062 456 2131 exceptus,
470 2070 516 2111 res
532 2047 575 2111 est
586 2048 694 2113 solatus
708 2051 840 2129 acerbas,

262 2179 299 2244 In
313 2180 382 2244 solio
396 2181 527 2263 titubans
543 2180 660 2245 Carolus
674 2182 722 2245 ilie
736 2183 797 2246 suo.

216 2312 345 2379 Infelix!
368 2317 470 2378 necuit
484 2337 576 2401 quem
591 2317 763 2379 diffimulata
778 2316 895 2380 nefandi

265 2450 412 2526 Ambitio,
427 2447 494 2511 falsi
508 2448 558 2512 sub
573 2450 694 2531 pietate,
710 2450 792 2513 Viri.

218 2581 319 2645 Nunc'
327 2583 419 2645 etiam
434 2583 512 2646 illius
525 2583 678 2670 fatumque
692 2606 857 2668 necemque
871 2596 1026 2647 cruentam
1138 2591 1201 2669 723

265 2716 442 2803 Sanguineis
455 2706 615 2805 lachrymis
630 2719 743 2804 Anglia
754 2734 817 2784 tota
831 2720 935 2806 gemit.

221 2847 256 2914 O
271 2850 344 2914 felix
357 2852 486 2916 nimidm
502 2852 660 2936 Princeps!
685 2855 758 2916 dum
774 2855 835 2914 vita
850 2853 998 2932 manebat,

265 2982 396 3068 Anglica
409 2985 480 3068 dum
494 2985 579 3047 licuit
594 2986 704 3068 sceptra
718 3000 819 3051 tenere
835 3007 924 3048 manu
938 3007 949 3060 ς

222 3117 344 3202 Oppida
356 3119 377 3183 st
392 3120 500 3183 fuerint
510 3143 637 3206 quaeque
651 3123 727 3186 hanc
743 3123 855 3205 imitata
868 3137 1013 3200 tenacem,

268 3253 426 3320 Oxonium
444 3258 497 3321 tibi
512 3279 601 3345 quam
616 3259 744 3346 praebuit
759 3258 858 3344 usque,
872 3257 996 3322 Fidem:
1140 3275 1204 3345 730
1285 3283 1287 3292 ’

255 3479 271 3509 “
290 3423 373 3526 dhe-re
385 3476 434 3528 isa
452 3473 511 3544 long
522 3475 614 3548 galierx
626 3478 733 3530 towards
750 3478 791 3530 the
804 3477 904 3549 garden,
924 3477 949 3529 in
965 3476 1048 3530 which
1064 3475 1107 3530 the
1122 3472 1211 3532 unfor-

217 3587 304 3627 tunate
321 3574 423 3627 Charlec
438 3577 481 3628 the
498 3579 560 3630 First
577 3596 629 3630 was
647 3580 806 3644 entertained,
830 3579 900 3634 when
921 3581 951 3634 he
974 3579 1031 3633 held
1051 3580 1090 3634 his
1106 3577 1210 3648 faithful

219 3680 379 3744 Pammene,
396 3682 422 3733 in
437 3678 543 3733 Oxford.
