2975 4525
720 576 757 658 l*
779 573 819 641 28
862 576 877 659 l

313 722 399 787 Tum
411 722 505 787 sradio
518 721 616 800 vidior.
626 723 746 786 tumulo
759 724 908 787 redivivus
923 721 958 785 ad
973 742 1058 787 auras

353 864 486 942 Emicat,
500 877 542 940 et,
557 861 670 924 domita
684 859 800 940 Morte,
818 859 980 942 triumphat
994 866 1098 921 avana

310 995 447 1080 Corpora
460 994 628 1073 custodum,
642 994 764 1061 Christo
779 996 928 1096 exiliente,
943 996 1070 1059 duorum
1226 1006 1292 1076 435

351 1131 435 1194 Hinc
448 1145 537 1214 atque
551 1130 635 1208 hinc,
650 1130 748 1214 gelido
762 1128 848 1193 strata
862 1151 982 1212 pavore,
993 1130 1118 1215 jacent:

308 1262 452 1348 Apposui
466 1263 516 1325 hic
530 1262 632 1325 condit
641 1262 817 1344 trepidantia
830 1262 945 1325 lumina
954 1262 1057 1324 dextra

350 1398 496 1461 Aversus:
513 1394 668 1460 Christum
682 1394 799 1477 respicit
814 1393 862 1457 ille
878 1392 1009 1476 stupent.

306 1530 423 1595 Erediis
437 1530 558 1618 demdm
573 1532 609 1594 ad
624 1529 753 1594 caelestia
765 1530 862 1615 sydera
874 1529 991 1612 palmis,

349 1664 505 1728 AEthereas
519 1664 639 1742 scandit,
655 1664 750 1727 Patris
765 1677 878 1743 amore,
895 1664 1024 1732 Domos.
1121 1670 1124 1679 ‘
1223 1680 1286 1750 440
1402 1668 1403 1703 l

306 1792 512 1873 Scandentem‚
528 1796 663 1860 manibus
674 1797 799 1883 junctis,
816 1813 847 1859 et
861 1796 971 1879 poplite
984 1794 1075 1873 flexo,

345 1926 491 2013 Discipuli
507 1945 622 1995 certant
636 1932 750 1994 lumine
765 1916 887 2015 quisque
902 1930 993 2012 sequi.

304 2066 458 2148 Praecipua
472 2068 536 2130 haec
550 2066 635 2148 Fidei
647 2065 788 2129 miracula
803 2064 932 2133 maxima
940 2062 1051 2133 ‚nostrae

345 2197 486 2264 Phidiaci
501 2200 580 2264 dicas
595 2200 705 2284 sculpta
719 2194 802 2262 suiss‘e
819 2219 921 2262 manu.

302 2333 396 2419 Juxta
410 2358 490 2400 aram
503 2338 598 2402 latitat
612 2349 841 2400 monumentum
854 2335 979 2420 insigne,
995 2355 1047 2417 per
1060 2354 1153 2398 annos
1218 2354 1260 2415 44
1264 2353 1282 2416 ς

345 2471 501 2535 Servatum
516 2470 640 2550 multos,
660 2469 834 2539 Pontificale
848 2469 965 2552 pedum.

301 2601 413 2694 lugens
428 2601 484 2666 elie
498 2604 578 2667 vides
589 2604 703 2691 argenti
720 2603 835 2686 pondus
850 2618 881 2666 et
895 2604 978 2668 auri:

343 2737 506 2802 Materiam
520 2740 592 2802 verd
602 2739 693 2822 quam
706 2739 851 2821 superavit
865 2761 939 2821 opus
954 2736 961 2802 !

300 2871 394 2936 Nunc
408 2889 520 2951 autem,
533 2895 612 2937 nunc
625 2891 707 2939 verte
718 2875 821 2940 oculos
833 2877 868 2938 ad
883 2875 985 2939 limina
996 2875 1131 2959 Templi,
1145 2914 1147 2919 ·

229 3088 232 3096 ,
342 3005 458 3089 Atque,
474 3003 613 3086 stupenda
627 3007 734 3092 magis,
749 3028 870 3070 cernere
885 3007 977 3071 multa
999 3030 1078 3090 para.
1215 3027 1279 3094 450
1402 2967 1403 3046 Ῑ

301 3134 425 3216 Organa
439 3158 490 3219 per
504 3136 639 3217 dislindia
654 3139 732 3201 tubis
748 3139 941 3218 radiantibus,
956 3163 1029 3204 ecce

342 3265 485 3331 Sublucet
499 3271 576 3332 miro
586 3272 665 3353 picta
679 3273 803 3354 fenestra
818 3276 919 3339 modo.
995 3345 997 3350 ,

298 3398 362 3484 Ipsa
375 3403 420 3465 sed
434 3403 548 3469 ascensu
562 3407 689 3490 superes,
701 3431 815 3492 precor,
832 3431 941 3494 organa
955 3434 1087 3492 mecum,

340 3537 467 3619 Aspestu
482 3543 568 3624 poffis
583 3559 617 3608 ut
631 3543 752 3609 meliore
766 3545 835 3610 srui.
