2975 4525
689 556 849 707 [16]

282 763 349 827 Hos
361 766 477 831 detedla
489 779 589 851 caput,
602 768 754 852 comisque
763 770 888 855 juventa
903 767 1004 832 salutat
1019 792 1029 843 ς
1045 852 1048 858 ¹
1108 752 1112 759 ⁴
1178 786 1259 852 1025

327 902 434 985 thue
447 916 545 986 patres
558 915 676 966 teneros
690 903 859 987 obsequiosa
872 885 955 969 colit.

283 1028 382 1115 Qreis
396 1033 462 1097 sunt
476 1030 628 1098 Velveticae
641 1035 779 1113 matrim,
795 1035 902 1098 decora
916 1035 992 1099 alta:
1016 1036 1170 1119 superbam

326 1170 425 1255 Qreis
438 1145 660 1237 circuni‘currit
673 1196 805 1257 purpura
818 1175 903 1259 nigra
917 1174 1039 1263 Togarn
1052 1196 1060 1240 ε

283 1302 347 1388 Qui
363 1305 458 1369 solidis
472 1278 584 1390 pollent
596 1310 692 1371 aetatis
705 1290 935 1389 vitibus,'atque

324 1438 468 1524 Undique
478 1443 592 1506 solliciti
605 1443 719 1540 lumina
732 1456 819 1507 acuta
832 1444 930 1509 ferunt
942 1468 953 1519 ς
1178 1461 1260 1531 1030

281 1569 335 1650 Hi,
346 1571 442 1657 rigido
456 1574 588 1638 instrudli
599 1574 766 1640 Censorurn
781 1599 919 1655 munere,
935 1592 1041 1643 curant

324 1704 440 1770 Servari
454 1730 564 1786 mores,
575 1723 606 1772 et
619 1710 766 1797 data'jura
779 1711 851 1774 coli.
950 1704 952 1708 ’

278 1842 350 1909 Nec
365 1844 448 1908 labor
461 1845 509 1908 hic
524 1846 622 1931 gravis
636 1844 679 1909 est
692 1871 702 1922 ς
724 1847 797 1911 aded
812 1846 888 1911 bene
902 1861 970 1911 nata
981 1850 1124 1935 juventus

321 1978 422 2065 Leges
435 1980 491 2043 rite
504 1980 584 2062 sequi
599 1980 700 2062 spontd
712 1981 872 2065 volensque
882 1983 963 2046 solet.
985 2012 990 2021 ·

281 2111 381 2175 Serica
392 2112 478 2197 queis
490 2112 619 2196 splendet
633 2103 732 2192 uestis,
746 2138 936 2200 quorumque
950 2116 1064 2202 galeros
1174 2134 1234 2202 103
1237 2138 1256 2202 5

321 2246 501 2332 QtadratoS,
515 2271 587 2313 auro
597 2248 736 2334 fulgidus,
751 2264 838 2313 ornat
849 2271 923 2332 apex
935 2275 945 2324 ;
1140 2256 1144 2291 ¹

279 2380 323 2444 Hi
338 2404 481 2468 magnum
492 2385 613 2467 antiquit
626 2357 741 2450 ducunt
754 2385 790 2447 ab
806 2385 920 2468 origine
937 2405 1067 2448 nomen:

322 2509 381 2574 His
395 2527 517 2577 centurn
532 2511 658 2577 illustres
672 2529 882 2577 enumerantur
897 2513 971 2576 Avi.

280 2646 357 2711 Sunt
370 2670 445 2731 quos
460 2647 613 2736 distinguit
627 2651 735 2731 pariter
749 2649 843 2736 Toga
854 2649 943 2712 serica
956 2674 966 2724 ;
988 2664 1018 2715 at
1032 2650 1092 2714 alto
1157 2631 1168 2640 η

321 2778 421 2865 Nigra
433 2779 541 2862 quibus
557 2778 673 2841 tanturn
685 2780 796 2842 vertice
810 2778 896 2842 crista
907 2779 997 2842 volat.
1171 2799 1255 2868 1040

181 2995 185 3000 1
279 2910 362 2976 Cum
377 2910 497 3006 sintaut
511 2914 617 2994 opibus
631 2913 713 2992 clari,
727 2930 779 2977 aut
792 2911 963 2992 Natalibus,
978 2913 1045 2976 illos

322 3043 451 3128 Majoris
466 3044 556 3108 Socios
572 3045 694 3110 Ordinis
708 3048 778 3112 inde
792 3063 913 3113 vocant.

276 3180 376 3266 Qreis
390 3202 445 3244 nec
459 3181 547 3244 habet
561 3183 702 3260 manicas,
717 3203 772 3245 nec
788 3182 883 3268 fulget
895 3181 995 3258 serica,
1009 3183 1112 3245 verum

319 3311 423 3375 Texta
436 3311 589 3377 &materia
600 3311 775 3397 simpliciore
790 3330 860 3401 toga
873 3313 936 3388 esl3

278 3443 321 3509 Et
333 3445 453 3532 gemina
466 3443 483 3506 l
498 3459 596 3531 tergo,
610 3446 820 3529 praelongaque
836 3445 924 3508 taenia
937 3444 1056 3526 pendet,
1172 3461 1257 3531 1045

321 3579 388 3647 Hos
403 3576 594 3666 Conuncrdales
608 3579 705 3644 dicere
719 3580 831 3661 quique
844 3577 947 3642 solent.
