2975 4525
657 518 889 604 ’ΜΗ

330 672 361 737 Si
377 671 443 756 quis
457 670 609 753 perspiciat
623 683 684 733 tam
698 667 885 731 lamentabile
899 668 988 731 funus

369 810 519 896 Frigidus,
532 825 622 893 atque
636 808 732 872 oculis
743 808 895 893 lachryma
908 804 988 868 nulla
1000 803 1087 867 cadat
1099 828 1110 878 ;

328 945 410 1009 Huic
425 942 480 1021 est,
496 943 581 1007 crede
597 942 680 1018 mihi,
696 938 789 1011 Mens
801 938 908 1001 robore
923 935 1023 999 durior
1037 935 1119 1018 ips03
1220 952 1306 1020 1195
1380 960 1384 995 l

367 1081 481 1164 AEsquc
495 1078 602 1160 triplex
615 1074 695 1138 circa
708 1074 802 1135 ferrea
813 1068 913 1132 Corda
928 1069 1017 1153 riget.

329 1209 456 1309 Vprum,
470 1211 545 1272 hanc
560 1230 598 1271 ne
612 1204 706 1269 fausta
718 1204 817 1267 videas
831 1202 881 1266 sub
895 1202 962 1263 luce
976 1170 1125 1276 tabellam,

209 1364 215 1379 ·
346 1396 349 1403 -
370 1348 442 1433 Jam
453 1348 545 1412 densae
559 1347 701 1423 tenebrae,
714 1364 834 1425 noxque
847 1342 969 1406 inimica
980 1354 1091 1405 vetant.

257 1504 266 1528 ⁴
330 1480 399 1557 Sed,
414 1503 481 1564 quae
497 1502 576 1542 nunc
592 1494 621 1542 te
632 1480 726 1563 agitat
740 1478 881 1561 praelata
895 1476 1014 1560 Cupido
1028 1472 1155 1553 videndi,

372 1584 460 1676 Hanc
474 1601 533 1675 alio
547 1574 656 1695 poteris
670 1626 702 1674 tu
718 1612 819 1675 satiare
833 1608 891 1673 die.
934 1606 936 1609 ’
981 1696 982 1699 ¹
1220 1628 1310 1675 1200

226 1788 235 1827 3
330 1744 396 1809 Sint
410 1747 502 1829 igitur
515 1744 582 1807 satis
595 1746 678 1807 haec:
701 1744 828 1829 longum
842 1743 1012 1830 trajecimus
1028 1764 1153 1827 aequ0r3

370 1879 413 1944 Et
426 1894 545 1962 portum
558 1880 717 1943 incolumis
731 1878 830 1943 nostra
843 1877 955 1941 Carina
964 1891 1055 1941 tenet.

328 2015 385 2093 At,
397 2036 469 2078 cum
482 2013 593 2077 dudrim
607 2000 709 2079 avidus
722 2016 825 2097 cupias
837 2017 1026 2101 cognoscere,
1037 1977 1170 2101 quiliiam
1239 2016 1244 2023 ’

371 2149 426 2214 Ille
439 2168 499 2215 tuae
513 2151 602 2214 fuerit
614 2148 750 2237 Duxque
766 2150 935 2235 Comesque
949 2152 1029 2227 viae3

328 2285 381 2350 Ne
396 2287 449 2350 tibi
464 2309 521 2372 ego
532 2286 631 2349 sorsin
646 2286 744 2349 videar
760 2242 890 2369 praebere
903 2286 1032 2370 querelae
1187 2265 1191 2274 .
1223 2307 1308 2372 1205

370 2421 481 2485 Ansam
495 2420 634 2503 aliquam,
648 2422 750 2502 paucis
764 2421 882 2504 accipe:
906 2443 974 2486 vera
987 2421 1103 2506 loquar.

368 2691 458 2757 Heu!
482 2693 596 2777 fugere,
610 2706 698 2773 atque
712 2684 815 2754 animo
828 2693 925 2756 dulcia
938 2715 1067 2778 quaeque
1081 2715 1162 2758 meo.

331 2795 998 2912 mfflmmfflmmm„

372 2955 414 3020 Et
430 2957 518 3019 Stella
530 2953 689 3020 Oxonium
703 2957 788 3020 duxit
802 2960 898 3024 amica
912 2959 1019 3048 magle.
1223 2985 1310 3032 1210

264 3155 268 3162 ,
331 3090 501 3174 Anglorurn
515 3090 551 3150 de
566 3109 659 3166 more,
675 3086 803 3166 Manus,
814 3110 876 3152 non
891 3111 960 3168 una,
973 3091 1101 3176 benigni
1146 3177 1150 3184 .

213 3286 218 3298 ,
257 3301 260 3306 .
374 3228 439 3291 Hic
453 3228 623 3294 fovetcxilii
637 3227 760 3292 vulnera
773 3229 878 3291 acerba
892 3231 962 3292 mei.

332 3362 417 3446 Quid
430 3362 538 3424 mirum
553 3382 626 3445 ergo
643 3360 744 3443 Anglo
758 3358 779 3423 sr
794 3383 887 3441 pauca
900 3363 1079 3445 rependere?
1096 3363 1248 3432 ...verum

375 3496 469 3560 lEdes
484 3485 554 3574 ecce
568 3512 645 3576 tuas,
660 3517 731 3560 ecce
746 3494 868 3566 Cubile.
912 3498 1002 3564 vale.

754 3635 775 3687 F
782 3635 794 3686 I
803 3635 847 3686 NI
858 3635 883 3686 S.
