2975 4525
630 568 646 651 [
691 584 731 649 25
777 570 790 651 ]

223 704 383 774 Festinabo
397 713 504 799 igitur3
528 735 584 776 nec
599 729 628 777 te
643 718 767 799 amplids
782 716 850 779 inde
865 720 1025 793 moraborr

267 845 439 930 Multaque,
452 848 608 929 conspedlu
621 850 720 933 digna,
733 852 839 913 tacebo
854 852 968 915 doleno.
1144 866 1206 937 370

223 973 333 1063 Musaei
351 1002 424 1064 ergo
437 980 547 1043 bonam
561 982 725 1062 properanti
740 982 853 1045 lumine
870 984 1010 1059 frontem,
1085 1041 1089 1050 .

266 1105 416 1190 Quamvis
430 1105 487 1170 fint
499 1106 579 1169 inuias
593 1108 718 1190 plurima
732 1131 806 1187 rara,
818 1110 895 1175 vide.

223 1236 268 1315 Si,
282 1261 412 1337 quorum
424 1240 535 1303 fuerint
547 1242 644 1323 capita
657 1242 710 1303 ista
720 1243 875 1319 horrenda,
893 1244 1038 1325 requiras,

264 1376 343 1459 Qaae
358 1390 463 1457 praeter
478 1376 568 1438 latam
579 1376 655 1462 stane
668 1374 824 1439 numerosa
839 1350 940 1449 via1n;

222 1506 374 1571 caesareos
386 1508 509 1571 totidem
523 1509 634 1586 vultuS,
648 1523 843 1593 truncataque
857 1508 950 1596 ligna,
1135 1531 1180 1599 ¹37
1184 1531 1202 1595 5

263 1635 352 1704 Haud
367 1644 429 1705 veri
444 1642 555 1724 semper
568 1643 691 1716 nuncia,
708 1640 801 1704 Fama
813 1643 924 1717 refert3

222 1775 384 1838 Tetricula
397 1791 427 1838 at
441 1777 538 1858 pueris
552 1797 610 1861 ego
624 1775 712 1837 credo
723 1741 823 1837 eredla'
833 1776 991 1857 protervis,

264 1906 317 1970 Ne
330 1910 428 1970 nocui
443 1910 472 2001 hi
488 1910 595 1972 laedant
608 1911 741 1991 proxima
757 1911 834 1971 tedia
849 1932 950 1977 manu.
1005 1976 1010 1987 ,

218 2044 340 2132 Lingue
357 2070 430 2131 ergo
444 2049 520 2127 haec,
534 2046 699 2127 celeresque
714 2043 797 2105 Navi
811 2068 999 2128 properemus
1012 2047 1049 2109 ad
1064 2046 1158 2109 AEdes

266 2175 431 2265 Gymnafii:
454 2177 536 2239 ducit
549 2199 612 2239 non
624 2178 673 2240 via
687 2178 776 2263 digna
790 2174 939 2240 Domum.
1139 2178 1202 2264 380

219 2319 265 2380 At
278 2316 349 2378 latet
362 2315 437 2403 ¹¹²⁰?
451 2314 555 2376 miseri
568 2313 737 2398 ceupyxlde
749 2313 868 2398 condita
882 2333 1011 2398 gemma,

263 2452 311 2515 Ut
323 2451 438 2536 fulgore
452 2449 546 2512 oculis
558 2447 748 2532 splendidiore
760 2450 862 2512 micet.

219 2586 308 2650 Aulae
323 2584 388 2647 sun't
398 2586 546 2670 geminae:
570 2585 650 2666 prior
661 2583 702 2646 est
716 2583 873 2666 spatiolior,
888 2549 978 2670 atoue

260 2720 411 2803 Jucundo,
426 2735 459 2782 ut
472 2720 581 2797 cernis,
596 2717 739 2804 graminis
754 2721 825 2782 orbe
840 2723 924 2800 viret.

219 2855 255 2918 In
272 2856 394 2918 Senium
409 2855 558 2937 incipiunt
566 2855 707 2929 obeuntia
721 2878 843 2940 vergere
859 2857 955 2921 tedla:
1069 2877 1072 2884 ⁴
1136 2858 1174 2942 38
1178 2877 1196 2942 5

262 2987 415 3072 Occupat,
426 2990 482 3050 heu
496 2986 503 3050 l
528 2988 601 3070 ipsas
615 3005 752 3070 prompta
765 2989 878 3052 senecia
891 2989 1006 3052 domos.

219 3123 335 3199 Altera,
351 3142 438 3202 parva
451 3119 557 3205 magio,
571 3119 771 3181 circumdatur
782 3119 894 3182 aedibus
908 3119 986 3198 aula,

263 3258 345 3342 Qaae
361 3255 479 3333 ssmiles,
495 3253 578 3316 simili
595 3254 760 3331 nobilitate,
774 3254 901 3336 placent.

221 3388 304 3452 Hinc
318 3405 400 3472 potes
414 3389 540 3452 eximios
553 3388 667 3450 circdm
680 3403 731 3450 tua
746 3389 820 3450 serre
835 3411 885 3470 per
896 3389 997 3454 hortos

262 3523 403 3603 Lumina,
418 3541 448 3589 et
461 3523 575 3607 aspedlu
592 3524 678 3604 turn,
693 3527 724 3588 in
740 3527 822 3604 urbe,
838 3527 906 3590 frui.
1131 3532 1195 3614 '390
