2975 4525
731 578 749 661 [
795 594 832 647 ¹2
875 576 893 665 l

323 704 420 801 Perge
433 717 522 797 viam,
536 733 567 781 et
580 736 648 804 quae
661 720 740 788 {lant
751 742 944 793 monumenta
956 728 1080 818 lungula
1090 734 1195 802 'dextri
1275 742 1289 797 .’

363 852 491 936 Aspice:
508 854 634 941 Reginae
643 860 745 924 nobile
753 881 870 929 nomen
883 868 1005 933 habent.
1091 906 1095 917 ·

319 984 428 1053 Paucis
440 990 508 1055 ante
520 996 615 1075 amris,
629 997 721 1082 regali
735 1002 856 1067 condita
868 1002 954 1081 luxu,

359 1124 473 1210 Regale
485 1126 633 1193 ostentant
646 1132 793 1215 splendida
807 1134 885 1199 tecla
899 1158 1008 1223 genus.

314 1252 398 1317 Aula
411 1255 531 1339 duplex,
543 1258 660 1323 circum
673 1260 818 1327 laetilsrma
830 1266 972 1349 porticus,
987 1270 1091 1353 AEdis,

357 1390 543 1458 Bibliotheca
554 1396 670 1481 ingens,
683 1397 735 1461 hic
749 1421 829 1464 nova
841 1402 951 1465 cundia
960 1404 1089 1472 micant.

314 1525 435 1604 Cernis,
449 1543 482 1592 ut
494 1530 525 1592 in
539 1530 656 1601 summo
668 1532 819 1598 tenorum
833 1533 975 1615 culmine,
990 1549 1102 1618 ternas,

353 1657 478 1725 Grande
491 1662 593 1739 decus,
607 1661 714 1727 statuas
729 1663 872 1747 quaelibet
885 1666 931 1731 ala
943 1668 1041 1733 ferat?
1228 1689 1291 1747 100

309 1786 431 1855 Limina
444 1794 540 1876 prima
553 1794 646 1877 super,
660 1797 775 1861 levibus
790 1799 926 1865 decorata
939 1802 1102 1883 columnis,

303 1916 307 1926 '
347 1921 511 1987 Turricula
521 1923 576 2004 est,
589 1926 687 2010 lepido
698 1948 904 1997 concamerata
916 1934 1015 2003 modo.

306 2049 435 2115 Fornice
449 2053 500 2118 sub
515 2055 621 2133 nitido,
635 2056 722 2121 simul
736 2073 767 2123 et
782 2059 901 2145 Regina
915 2063 1034 2131 videtur

345 2185 507 2267 Munilica,
521 2203 552 2251 et
567 2192 709 2255 memoris
723 2193 818 2278 gratia
827 2194 908 2281 julla
921 2192 1057 2267 Domirs.

302 2321 442 2406 Principe
456 2322 618 2390 Gallorum
633 2325 890 2413 Luxemburgerfia
903 2332 939 2395 ab
954 2333 1061 2416 urbest,
1221 2333 1284 2426 165

343 2453 501 2518 Transsata
515 2453 675 2518 Oxonium
690 2457 767 2520 tecla
782 2458 902 2541 superba
916 2476 1012 2544 putas·

299 2587 378 2660 Haec
392 2590 507 2669 contra,
521 2589 618 2653 forma
632 2591 678 2655 led
692 2589 868 2676 fimpliciora
881 2596 1023 2677 modesta,

340 2728 455 2794 Alfredi
471 2732 571 2817 magni
584 2732 669 2817 regia
679 2731 757 2796 dona
770 2733 866 2798 vides.
971 2783 972 2786 ,

298 2863 416 2930 Oxonii
429 2868 494 2930 haec
509 2865 613 2934 habuit
624 2867 772 2932 cunabula
784 2867 880 2950 prima
893 2865 1043 2950 Palaestra,

337 2999 505 3063 Terrarum
518 3000 715 3065 cunffisnota
729 2999 869 3068 Palaestra
881 3001 969 3070 locis.
1213 3029 1282 3082 110
1317 3033 1321 3038 ·
1407 3057 1408 3074 r

295 3129 453 3215 Qantirm
467 3147 568 3197 autem
577 3133 656 3218 Regi
670 3132 787 3216 praestat
796 3133 926 3220 Regina,
939 3135 1065 3224 superbo

284 3284 289 3294 ⁴
336 3266 432 3330 Cultu
446 3266 602 3352 exquisita.
609 3269 708 3350 vestis,
722 3286 755 3335 et
767 3287 829 3338 arte
841 3296 938 3339 comae
951 3299 962 3351 ς

322 3486 339 3517 ι
356 3481 386 3534 A
398 3481 502 3555 nnmg
519 3443 681 3541 resemblance
692 3497 718 3539 to
736 3486 778 3540 tie
798 3486 867 3558 royar
884 3487 969 3560 parace
989 3489 1021 3545 of
1038 3491 1228 3572 Lurembourg,
1246 3501 1276 3556 m

292 3583 373 3636 Paris.
