2975 4525
706 584 721 673 [
768 588 808 657 2⁶
852 578 867 674 1

293 726 461 794 Arboribus
475 732 582 813 patulis
594 734 702 818 duplex
716 738 765 802 via
778 738 899 819 consita,
920 760 1027 824 opacas

293 889 295 892 ·
335 861 400 927 Sub
413 886 564 930 ramonun
578 870 710 948 umbrae,
724 871 834 956 frigora
848 892 966 938 anroena
978 879 1079 937 voea'r.⁴

290 994 448 1080 Extremo,
461 1004 532 1067 artis
545 1025 633 1087 opus,
646 1005 752 1069 viridis
764 1026 850 1098 mons
864 1006 955 1093 surgit
969 1008 1001 1071 in
1014 1009 1114 1072 horto·

334 1136 439 1220 Quini
452 1136 529 1201 bene
542 1138 670 1203 Parnaffi
684 1138 815 1203 culmina
829 1140 916 1204 dohia
929 1138 1037 1205 refert!

292 1266 359 1331 Cur
371 1282 471 1332 autem
485 1271 556 1334 hinc
564 1292 682 1355 nequeo
696 1272 864 1335 nitidiffima
878 1292 999 1335 cernere
1013 1274 1122 1352 κάπ’,
1208 1296 1248 1363 39
1252 1295 1271 1357 5

332 1404 421 1491 Quin
434 1406 556 1470 tumidis
571 1405 666 1469 oculis
678 1406 828 1493 lachryma
842 1404 935 1469 multa
949 1406 1022 1469 fluat
1036 1406 1048 1468 i

290 1534 363 1606 nh!
385 1543 458 1607 mihi
471 1539 614 1631 Versoliar
627 1543 717 1608 nimis
732 1542 781 1607 illa
795 1544 901 1607 referre
915 1544 1066 1622 videntur,

331 1676 404 1758 Qui
419 1677 515 1761 Regis
530 1676 624 1739 miseri
639 1676 741 1739 limina
755 1690 837 1760 parte
851 1677 947 1741 subis:

291 1806 398 1875 Sontes
414 1806 568 1898 Versalias‚
583 1833 651 1895 quae
664 1790 769 1893 primae
784 1811 918 1882 incendio
933 1810 1008 1874 saeva

330 1943 515 2021 Accendire,
533 1944 641 2027 quibus
655 1943 758 2009 Gallia
769 1944 867 2009 adusta
878 1943 968 2028 perit!
1203 1965 1267 2028 402

288 2076 373 2163 Ergo
386 2076 458 2139 hinc
473 2078 595 2163 aufugio
608 2099 751 2161 praeceps,
766 2078 787 2141 si
801 2080 876 2143 forti
893 2080 995 2144 saceilo

329 2209 502 2276 Tristitiam
516 2214 619 2295 poffim
632 2210 740 2296 pellere
753 2214 841 2276 corde
856 2234 965 2278 meam.

286 2345 349 2412 Hic
363 2348 467 2412 oculos
480 2348 558 2432 aperi
567 2360 716 2412 attentos:
738 2361 771 2410 tu
786 2347 929 2431 conspicis
943 2347 1066 2426 AEdem,

329 2480 402 2564 Qui
415 2482 476 2560 vix,
491 2481 523 2543 in
537 2479 648 2564 Regno
660 2480 730 2556 hoc,
743 2478 856 2564 fulgeat
872 2478 930 2544 ulla
944 2481 1051 2564 magis.

287 2612 396 2698 Qualis
411 2610 567 2701 majestas!
589 2612 710 2675 audacia
724 2609 856 2694 quanta!
882 2609 1057 2676 Gothorum
1198 2623 1269 2694 465·

327 2749 376 2812 Ut
385 2761 520 2811 veterum
535 2744 682 2810 ostentant
696 2749 796 2810 omnin
810 2748 920 2832 grando
934 2769 1027 2834 genus
1042 2745 1048 2810 !
1109 2741 1112 2750 ’

283 2882 399 2951 Nonne
412 2883 545 2967 impreffa
555 2885 661 2966 probat
672 2885 845 2962 reverentia,
862 2883 952 2966 quim
964 2863 1039 2946 benit
1054 2883 1166 2946 socrum

326 3019 436 3106 Caligo
449 3022 513 3083 haec
524 3020 630 3083 'deceat
643 3020 787 3106 relligiosa
799 3019 923 3084 locum?
993 3053 994 3056 ¹

285 3156 408 3241 Singula
421 3157 467 3219 sed
481 3153 602 3219 lustrare
612 3155 713 3241 juvet:
737 3176 894 3241 pergamus
908 3155 943 3218 ad
959 3175 1049 3233 aram,

325 3297 430 3381 Qum
444 3295 563 3357 decorat
573 3294 655 3358 dives
668 3295 906 3380 marmoreosque
919 3297 1003 3378 lapis.
1195 3316 1258 3380 410

312 3502 328 3533 ¹
346 3495 431 3549 There
445 3496 467 3547 is
485 3504 580 3564 agreat
596 3491 698 3545 likeness
710 3494 818 3547 benveen
834 3494 875 3547 the
891 3493 976 3547 second
988 3493 1139 3566 quadrangle
1155 3493 1185 3547 of
1197 3495 1262 3547 Neve

277 3573 388 3666 chhege‚
405 3595 477 3648 when
491 3594 544 3647 seen
560 3593 625 3646 from
643 3596 685 3646 the
702 3596 814 3658 Gauien,
832 3597 879 3649 and
896 3596 938 3650 the
955 3582 1066 3651 entrance
1082 3579 1112 3649 of
1120 3597 1162 3648 the
1178 3595 1261 3665 Royal

277 3699 375 3765 Puaee,
387 3712 413 3754 at
424 3697 562 3761 versinus,
572 3696 637 3750 from
648 3697 729 3750 Paris.
