2975 4525
621 537 793 621 {⁶3}

270 686 307 754 Iu
320 688 424 751 mediis
438 686 547 772 legitur
560 684 696 749 flosculus
710 700 793 749 ortus
806 686 897 770 agris.

226 811 321 883 laevi
334 842 434 883 nonne
448 818 528 882 vides
540 819 622 882 tenui
635 819 812 902 consurgere
823 819 853 879 in
868 820 958 883 horto

265 948 449 1025 AEdiculam,
464 949 555 1014 muris
569 949 692 1012 candida
706 949 784 1011 recia
798 948 904 1011 novis?
973 1006 975 1011 .

222 1080 372 1145 Humanae
386 1084 481 1146 cernis
496 1081 611 1167 signum
626 1081 794 1145 immortale
811 1079 918 1144 Salutis

264 1217 300 1281 Iu
314 1219 431 1283 summi
442 1220 511 1283 teeti
526 1220 640 1305 fulgere
650 1222 747 1283 fronte
761 1219 905 1283 Crucem.

222 1348 291 1431 1115,
305 1350 443 1413 Romanos
457 1352 587 1440 ritusque
602 1315 768 1434 Firiemque
782 1346 890 1427 secuti,'
944 1422 947 1428 ¹
1071 1412 1074 1421 ,

263 1486 385 1552 Pacifici
400 1490 480 1554 cives
495 1488 619 1554 Numen
634 1490 666 1555 in
680 1487 759 1551 AEde
770 1486 884 1577 coluut.

220 1617 303 1697 Illic,
316 1644 398 1685 more
412 1622 474 1701 suo,
488 1586 601 1686 faciunt
614 1622 645 1688 hi
662 1620 751 1684 Sacra
765 1619 901 1683 Tonanti
909 1644 921 1694 3

261 1757 381 1843 Proque
394 1760 475 1824 bono
488 1773 603 1823 certant
616 1757 736 1845 fundere
753 1757 840 1843 Rege
850 1778 968 1840 preces.

220 1888 288 1954 Illic
304 1890 436 1977 insignis,
450 1913 559 1978 magno
575 1912 614 1953 ex
630 1890 757 1969 Autore,
778 1889 896 1968 tabella,

262 2025 381 2109 Nempe
394 2028 443 2091 suri
459 2025 608 2105 Christus,
622 2028 675 2091 vix
688 2025 791 2091 Cruce
805 2041 919 2109 raptus,
934 2024 1024 2089 adest.
1105 2024 1197 2103 Ιιῑίζρ

220 2158 287 2245 Qui
299 2160 424 2243 sapiunt,
434 2161 554 2246 dignam
568 2162 645 2225 hanc
659 2159 808 2243 praestanti
822 2160 906 2223 laude
918 2160 1069 2239 tabellam,

228 2349 234 2362 .
262 2297 347 2361 Artis
361 2312 391 2361 et
404 2298 534 2382 egregiae
548 2318 648 2363 rarum
662 2319 738 2382 opus
751 2296 808 2362 esse
821 2311 938 2379 putant.

218 2434 325 2517 Aspice
342 2432 378 2520 (sr
393 2433 504 2498 Christi
518 2434 616 2498 valeas
630 2455 776 2519 exangue
789 2433 913 2498 cadaver

123 2611 126 2617 ·
258 2571 403 2652 Cernere,
410 2589 449 2637 ct
460 2572 586 2637 extiuffl
592 2573 725 2636 membra
737 2586 862 2638 cruenta
874 2569 951 2654 Dei)

216 2706 334 2791 Aspice,
348 2723 383 2771 ut
395 2706 499 2772 amisso
511 2707 623 2772 livescit
636 2706 777 2792 sanguine
795 2708 919 2792 corpus!
1113 2710 1194 2796 1185

259 2839 306 2908 Ut
320 2840 416 2904 claura
429 2842 567 2912 exanimi
579 2840 693 2904 lumina
706 2842 802 2906 fronte
817 2839 927 2906 latent!

214 2971 264 3037 Ur
276 2993 366 3035 cruor
380 2973 537 3036 innumero
550 2988 651 3039 manat
657 2972 696 3036 de
707 2973 828 3038 vulnere
844 2974 854 3038 i
875 2976 970 3040 acutis
989 3027 992 3032 .

257 3105 408 3190 Vepribus
421 3122 456 3172 ut
468 3110 583 3173 circum
598 3123 731 3192 tempora
744 3109 830 3190 sedin,
842 3110 928 3176 fluit!
1019 3141 1022 3148 ·

218 3238 293 3302 Atra
305 3239 406 3304 viden'
420 3254 486 3304 toto
500 3241 571 3306 lethi
586 3234 710 3327 vestigia
724 3243 812 3307 vultu

201 3385 204 3390 '
257 3375 405 3459 Impreffa‚
420 3393 509 3462 atque
522 3378 610 3464 nigro
622 3377 717 3442 lurida
729 3375 811 3441 labra
824 3376 907 3442 situ?
1051 3375 1054 3382 ’
1110 3399 1190 3464 1-190

216 3507 259 3579 Et
271 3512 336 3594 qui,
349 3533 398 3575 ros
412 3511 507 3578 veluti
519 3513 713 3591 tenuiffimus,
726 3512 833 3578 humor
843 3531 957 3598 aperto,

257 3638 315 3706 Per
326 3643 457 3730 gelidum
468 3643 582 3728 pestus,
597 3644 732 3728 spumeus
748 3668 799 3712 ore
814 3645 911 3731 pluit?
