2975 4525
715 531 734 616 [
773 530 815 615 46
859 532 875 617 1

306 674 393 761 Sap&
404 676 525 742 adhibet
538 677 663 765 longum
674 679 745 758 hoc,
760 680 840 766 quod
854 678 1015 763 conspicis,
1029 677 1274 762 instrumentum,

346 810 433 875 Miro
448 832 495 876 res
509 833 635 897 augens,
648 812 888 900 amplificansque
901 816 1003 879 modo.

307 946 408 1035 Hujus
422 969 491 1030 ope,
505 948 608 1011 audaci
618 948 772 1035 consurgit
786 950 821 1013 ad
836 948 912 1014 astra
925 950 1092 1029 volatu,.
1228 949 1264 1018 81
1269 968 1288 1035 ς
1404 996 1407 1093 ἡ

345 1081 527 1167 Lustratque
540 1084 694 1161 aethereas,
708 1104 765 1147 ceu
778 1084 828 1149 sua
841 1104 945 1171 regna,
960 1085 1060 1170 plagas
1073 1108 1084 1160 ς

303 1215 364 1281 Vel
378 1216 477 1301 potiris
493 1215 584 1283 Coelo
597 1218 768 1281 descendere
783 1219 882 1304 sydera
895 1223 992 1307 cogit,

347 1351 389 1417 Et
401 1366 538 1436 prompta
551 1353 618 1418 antd
633 1353 737 1415 oculos
753 1351 865 1441 singula
876 1356 969 1421 adesse
978 1359 1075 1445 jubet.

303 1486 425 1571 Insuper
438 1488 496 1571 ipsa
508 1484 645 1563 Domus,
659 1486 764 1551 dextro
777 1488 825 1551 vel
839 1510 944 1554 manca
958 1490 1081 1569 lacerto,

346 1622 455 1700 Perse,
469 1645 582 1706 perque
594 1623 673 1687 horti
687 1592 770 1709 larga
783 1624 886 1705 vireta,
905 1623 1011 1707 placet.
1225 1624 1287 1691 820

306 1758 409 1839 Forte,
423 1773 477 1822 tuo
491 1772 591 1822 tecum
606 1760 715 1822 tacitus
725 1758 776 1821 sub
791 1758 923 1841 pectore,
937 1770 1021 1822 tanto

347 1893 484 1977 Supponi
499 1896 589 1978 capiti
606 1895 719 1960 tantula
733 1863 877 1973 memdra,
893 1893 988 1958 doles.

306 2029 407 2095 Tedia
418 2034 519 2112 etiarn,
534 2034 636 2111 credo,
651 2032 754 2097 malles
768 2029 807 2098 fic
822 2031 952 2109 condita,
966 2030 1034 2095 latae

348 2165 396 2228 Ut
408 2165 539 2229 frontem
553 2167 728 2254 objicerent,
744 2186 805 2229 non
817 2163 906 2243 latus,
921 2162 970 2226 illa
983 2163 1051 2225 viae.

306 2298 393 2386 Qrid
406 2301 478 2364 veni
488 2302 533 2364 his
545 2301 635 2366 liceat
647 2299 706 2365 stne
716 2263 783 2364 labe
793 2298 943 2366 offendere
957 2298 1068 2364 terris?
1227 2296 1289 2381 825

297 2446 298 2449 ’
349 2434 439 2498 Num
453 2436 528 2500 vitio
542 2435 603 2506 fine
616 2433 683 2498 sunt
692 2434 806 2517 optima
821 2454 948 2516 quaeque
959 2427 1033 2494 suos

311 2570 422 2651 stetu,
437 2595 530 2658 quam
543 2572 685 2654 petimus,
699 2570 778 2634 laevo
792 2569 887 2654 gemis
902 2567 975 2630 orba
988 2563 1111 2643 lacerto,

351 2708 384 2774 O
402 2704 582 2790 Vrgorniacis
595 2707 673 2769 sacra
687 2703 825 2770 Palaestra
836 2703 948 2767 Choris
960 2705 981 2746 ¹*
995 2699 1002 2764 !

308 2843 353 2912 At
366 2841 514 2924 reliquum
528 2839 603 2902 ridet
616 2858 747 2924 corpus:
770 2837 960 2920 pulchraeque
973 2834 1081 2898 nitenti

350 2979 440 3044 Flore
449 2977 617 3064 juventutis
630 2990 740 3040 caetera
755 2973 888 3037 membra
901 2975 1014 3058 vigent.
1155 3059 1158 3066 .
1227 2969 1293 3054 830

313 3110 367 3178 Est
383 3110 436 3174 tibi
449 3109 589 3191 praetered
603 3108 698 3173 vastos
713 3107 880 3192 prosped’tus
896 3107 926 3168 in
941 3123 1043 3190 agros:

354 3245 501 3330 Lataque,
512 3243 563 3306 sub
578 3246 682 3324 muris,
691 3244 825 3331 gramine
840 3255 922 3324 prata
936 3240 1044 3304 virent.

662 3474 678 3506 ὓ
697 3464 835 3521 Worcester
848 3461 957 3534 Cossege.
